<collection xmlns="http://www.loc.gov/MARC21/slim">
<record>
  <leader>00832naa a2200181 a 4500</leader>
  <controlfield tag="008">970320s1996    xxu|||||| ||||00|  |eng d</controlfield>
  <datafield tag="020" ind1=" " ind2=" ">
    <subfield code="a">9780316922364</subfield>
  </datafield>
  <datafield tag="035" ind1=" " ind2=" ">
    <subfield code="a">R212842860</subfield>
  </datafield>
  <datafield tag="100" ind1="1" ind2=" ">
    <subfield code="0">(RERO)A003958080</subfield>
    <subfield code="a">Ward, Geoffrey C</subfield>
    <subfield code="4">cre</subfield>
  </datafield>
  <datafield tag="245" ind1="1" ind2="4">
    <subfield code="a">The West :</subfield>
    <subfield code="b">an illustrated history /</subfield>
    <subfield code="c">narrative by Geoffrey C. Ward ; based on a documentary film script by Geoffrey C. Ward and Dayton Duncan ; with a preface by Stephen Ives and Ken Burns ; and contributions by Dayton Duncan ... [et al.]</subfield>
  </datafield>
  <datafield tag="264" ind1=" " ind2="1">
    <subfield code="a">Boston [etc.] :</subfield>
    <subfield code="b">Little Brown,</subfield>
    <subfield code="c">[1996]</subfield>
  </datafield>
  <datafield tag="264" ind1=" " ind2="4">
    <subfield code="c">© 1996</subfield>
  </datafield>
  <datafield tag="300" ind1=" " ind2=" ">
    <subfield code="a">XVII, 445 p. :</subfield>
    <subfield code="b">nombr. ill. ;</subfield>
    <subfield code="c">29 cm</subfield>
  </datafield>
  <datafield tag="650" ind1=" " ind2="7">
    <subfield code="0">(RERO)A021011627</subfield>
    <subfield code="a">Colonisation</subfield>
    <subfield code="2">rero</subfield>
  </datafield>
  <datafield tag="650" ind1=" " ind2="7">
    <subfield code="a">1806-1910</subfield>
    <subfield code="2">rero</subfield>
  </datafield>
  <datafield tag="650" ind1=" " ind2="7">
    <subfield code="0">(RERO)A021005003</subfield>
    <subfield code="a">Indiens d&apos;Amérique</subfield>
    <subfield code="2">rero</subfield>
  </datafield>
  <datafield tag="651" ind1=" " ind2="7">
    <subfield code="0">(RERO)A010042354</subfield>
    <subfield code="a">Amérique du nord</subfield>
    <subfield code="2">rero</subfield>
  </datafield>
  <datafield tag="700" ind1="1" ind2=" ">
    <subfield code="0">(RERO)A003197690</subfield>
    <subfield code="a">Duncan, Dayton</subfield>
  </datafield>
</record>