
<record>
  <leader>00604nam a2200133 a 4500</leader>
  <controlfield tag="008">860618s1984    gw |||||| ||||01|| |ger d</controlfield>
  <datafield tag="020" ind1=" " ind2=" ">
    <subfield code="a">9783923818020</subfield>
  </datafield>
  <datafield tag="035" ind1=" " ind2=" ">
    <subfield code="a">0723011</subfield>
  </datafield>
  <datafield tag="245" ind1="0" ind2="0">
    <subfield code="a">Rechtsmedizin, Verkehrsmedizin :</subfield>
    <subfield code="b">Praxis und Forschung : Herrn Prof. Dr. med. H.-J. Wagner zum 60. Geburtstag /</subfield>
    <subfield code="c">Hrsg.: D. Buhmann ... [et al.]</subfield>
  </datafield>
  <datafield tag="264" ind1=" " ind2="1">
    <subfield code="a">Homburg/Saar :</subfield>
    <subfield code="b">Universität des Saarlandes medizinische Fakultät,</subfield>
    <subfield code="c">1984</subfield>
  </datafield>
  <datafield tag="300" ind1=" " ind2=" ">
    <subfield code="a">113 p. :</subfield>
    <subfield code="b">ill. ;</subfield>
    <subfield code="c">30 cm</subfield>
  </datafield>
  <datafield tag="490" ind1="1" ind2=" ">
    <subfield code="a">Annales Universitatis Saraviensis. Medicinae</subfield>
    <subfield code="v">Suppl. 4/1984</subfield>
  </datafield>
  <datafield tag="700" ind1="1" ind2=" ">
    <subfield code="0">(RERO)A003055849</subfield>
    <subfield code="a">Buhmann, Dieter</subfield>
  </datafield>
  <datafield tag="700" ind1="1" ind2=" ">
    <subfield code="0">(RERO)A003953072</subfield>
    <subfield code="a">Wagner, Hans-Joachim</subfield>
  </datafield>
</record>