
<record>
  <leader>00416nam a2200109 a 4500</leader>
  <controlfield tag="008">860813s1986    gw |||||| ||||00|| |ger d</controlfield>
  <datafield tag="020" ind1=" " ind2=" ">
    <subfield code="a">9783874971751</subfield>
  </datafield>
  <datafield tag="035" ind1=" " ind2=" ">
    <subfield code="a">0740439</subfield>
  </datafield>
  <datafield tag="100" ind1="1" ind2=" ">
    <subfield code="0">(RERO)A003372014</subfield>
    <subfield code="a">Hille, Peter</subfield>
    <subfield code="4">cre</subfield>
  </datafield>
  <datafield tag="245" ind1="1" ind2="0">
    <subfield code="a">Gesammelte Werke in sechs Bänden /</subfield>
    <subfield code="c">Peter Hille ; hrsg. von Friedrich Kienecker.</subfield>
    <subfield code="n">Bd. 5,</subfield>
    <subfield code="p">Essays und Aphorismen</subfield>
  </datafield>
  <datafield tag="264" ind1=" " ind2="1">
    <subfield code="a">Essen :</subfield>
    <subfield code="b">Ludgerus Verlag Hubert Wingen,</subfield>
    <subfield code="c">1986</subfield>
  </datafield>
  <datafield tag="300" ind1=" " ind2=" ">
    <subfield code="a">466 p. :</subfield>
    <subfield code="b">ill. ;</subfield>
    <subfield code="c">21 cm</subfield>
  </datafield>
</record>