
<record>
  <leader>00597ncm a2200133 a 4500</leader>
  <controlfield tag="008">940502s1992    ne |||||| |||||||  |lat d</controlfield>
  <datafield tag="020" ind1=" " ind2=" ">
    <subfield code="a">9789063751074</subfield>
  </datafield>
  <datafield tag="035" ind1=" " ind2=" ">
    <subfield code="a">1846545</subfield>
  </datafield>
  <datafield tag="100" ind1="1" ind2=" ">
    <subfield code="0">(RERO)A003651121</subfield>
    <subfield code="a">Obrecht, Jacob</subfield>
    <subfield code="4">cre</subfield>
  </datafield>
  <datafield tag="245" ind1="1" ind2="0">
    <subfield code="a">New edition of the collected works /</subfield>
    <subfield code="c">Jacob Obrecht ; gen. ed. Chris Maas.</subfield>
    <subfield code="n">Vol. 12,</subfield>
    <subfield code="p">Missa Si dedero ;</subfield>
    <subfield code="p">Missa Sub tuum presidium ;</subfield>
    <subfield code="p">Missa Veci la danse Barbari / ed. by Thomas Noblitt</subfield>
  </datafield>
  <datafield tag="264" ind1=" " ind2="1">
    <subfield code="a">Utrecht :</subfield>
    <subfield code="b">Vereniging voor Nederlandse Muziekgeschiedenis,</subfield>
    <subfield code="c">[1992]</subfield>
  </datafield>
  <datafield tag="264" ind1=" " ind2="4">
    <subfield code="c">© 1992</subfield>
  </datafield>
  <datafield tag="300" ind1=" " ind2=" ">
    <subfield code="a">1 PARTITION (LXIV, 113 p.) ;</subfield>
    <subfield code="c">34 cm</subfield>
  </datafield>
  <datafield tag="700" ind1="1" ind2=" ">
    <subfield code="0">(RERO)A003643312</subfield>
    <subfield code="a">Noblitt, Thomas</subfield>
  </datafield>
</record>