
<record>
  <leader>00497nam a2200133 a 4500</leader>
  <controlfield tag="008">910330s1983    ja |||||| ||||00|| |jpn d</controlfield>
  <datafield tag="020" ind1=" " ind2=" ">
    <subfield code="a">9784641023314</subfield>
  </datafield>
  <datafield tag="035" ind1=" " ind2=" ">
    <subfield code="a">1359193</subfield>
  </datafield>
  <datafield tag="245" ind1="0" ind2="0">
    <subfield code="a">Hōritsu ronbun no kangaekata, kakikata /</subfield>
    <subfield code="c">Toshio Hironaka, Kiyoshi Igarashi</subfield>
  </datafield>
  <datafield tag="264" ind1=" " ind2="1">
    <subfield code="a">Tōkyō :</subfield>
    <subfield code="b">Yuhikaku,</subfield>
    <subfield code="c">1983</subfield>
  </datafield>
  <datafield tag="300" ind1=" " ind2=" ">
    <subfield code="a">IV, 252 p. ;</subfield>
    <subfield code="c">20 cm</subfield>
  </datafield>
  <datafield tag="490" ind1="1" ind2=" ">
    <subfield code="a">Yūhikaku sensho; R</subfield>
  </datafield>
  <datafield tag="500" ind1=" " ind2=" ">
    <subfield code="a">Titre en français: Techniques redactionnelles de la thèse de doctorat en droit</subfield>
  </datafield>
  <datafield tag="700" ind1="1" ind2=" ">
    <subfield code="0">(RERO)A000080477</subfield>
    <subfield code="a">Hironaka, Toshio,</subfield>
    <subfield code="d">1926-</subfield>
  </datafield>
</record>