
<record>
  <leader>00324nam a22001092a 4500</leader>
  <controlfield tag="008">110218s1995    mc ||| |  ||||00|  |fre d</controlfield>
  <datafield tag="020" ind1=" " ind2=" ">
    <subfield code="a">9782268020280</subfield>
  </datafield>
  <datafield tag="035" ind1=" " ind2=" ">
    <subfield code="a">R006029026</subfield>
  </datafield>
  <datafield tag="100" ind1="1" ind2=" ">
    <subfield code="0">(RERO)A018880647</subfield>
    <subfield code="a">Le Breton, Auguste</subfield>
    <subfield code="4">cre</subfield>
  </datafield>
  <datafield tag="245" ind1="1" ind2="3">
    <subfield code="a">Le Bedeau :</subfield>
    <subfield code="b">[roman] /</subfield>
    <subfield code="c">Auguste Le Breton</subfield>
  </datafield>
  <datafield tag="264" ind1=" " ind2="1">
    <subfield code="a">Monaco :</subfield>
    <subfield code="b">Rocher,</subfield>
    <subfield code="c">1995</subfield>
  </datafield>
  <datafield tag="300" ind1=" " ind2=" ">
    <subfield code="a">279 p. ;</subfield>
    <subfield code="c">24 cm</subfield>
  </datafield>
</record>