
<record>
  <leader>00509nam a2200145 a 4500</leader>
  <controlfield tag="008">881108s1986    it |||||| ||||00|| |ita d</controlfield>
  <datafield tag="020" ind1=" " ind2=" ">
    <subfield code="a">9788838300400</subfield>
  </datafield>
  <datafield tag="035" ind1=" " ind2=" ">
    <subfield code="a">1039161</subfield>
  </datafield>
  <datafield tag="100" ind1="1" ind2=" ">
    <subfield code="0">(RERO)A003037337</subfield>
    <subfield code="a">Branca, Vittore</subfield>
    <subfield code="4">cre</subfield>
  </datafield>
  <datafield tag="245" ind1="1" ind2="0">
    <subfield code="a">Boccaccio medievale :</subfield>
    <subfield code="b">e nuovi studi sul Decameron /</subfield>
    <subfield code="c">Vittore Branca</subfield>
  </datafield>
  <datafield tag="264" ind1=" " ind2="1">
    <subfield code="a">Firenze :</subfield>
    <subfield code="b">Sansoni,</subfield>
    <subfield code="c">1986</subfield>
  </datafield>
  <datafield tag="300" ind1=" " ind2=" ">
    <subfield code="a">XV, 469 p. :</subfield>
    <subfield code="b">ill. ;</subfield>
    <subfield code="c">21 cm</subfield>
  </datafield>
  <datafield tag="490" ind1="1" ind2=" ">
    <subfield code="a">Nuovi saggi</subfield>
  </datafield>
  <datafield tag="600" ind1="0" ind2="7">
    <subfield code="0">(RERO)A010054785</subfield>
    <subfield code="a">Boccace.</subfield>
    <subfield code="t">&quot;Decamerone&quot;</subfield>
    <subfield code="2">rero</subfield>
  </datafield>
  <datafield tag="655" ind1=" " ind2="7">
    <subfield code="0">(RERO)A022249905</subfield>
    <subfield code="a">[Études diverses]</subfield>
    <subfield code="2">rero</subfield>
  </datafield>
</record>