
<record>
  <leader>00342naa a22000977a 4500</leader>
  <controlfield tag="008">980412s1973    xx ||| |  ||||00|  0eng d</controlfield>
  <datafield tag="035" ind1=" " ind2=" ">
    <subfield code="a">R003450221</subfield>
  </datafield>
  <datafield tag="100" ind1="1" ind2=" ">
    <subfield code="0">(RERO)A011539270</subfield>
    <subfield code="a">Olson, George L</subfield>
    <subfield code="4">cre</subfield>
  </datafield>
  <datafield tag="245" ind1="1" ind2="0">
    <subfield code="a">How to develop new ecumenical mass communication /</subfield>
    <subfield code="c">George L. Olson</subfield>
  </datafield>
  <datafield tag="264" ind1=" " ind2="1">
    <subfield code="c">1973</subfield>
  </datafield>
  <datafield tag="773" ind1="1" ind2=" ">
    <subfield code="t">Japan Missionary Bulletin</subfield>
    <subfield code="g">vol. 27, no. 4, 1973, p. 221-227</subfield>
  </datafield>
</record>