
<record>
  <leader>00368nam a22001212a 4500</leader>
  <controlfield tag="008">110218s2005    fr ||| |  ||||00|  |fre d</controlfield>
  <datafield tag="020" ind1=" " ind2=" ">
    <subfield code="a">9782847361292</subfield>
  </datafield>
  <datafield tag="035" ind1=" " ind2=" ">
    <subfield code="a">R006035622</subfield>
  </datafield>
  <datafield tag="100" ind1="1" ind2=" ">
    <subfield code="0">(RERO)A011751833</subfield>
    <subfield code="a">Aknin, Laurent</subfield>
    <subfield code="4">cre</subfield>
  </datafield>
  <datafield tag="245" ind1="1" ind2="0">
    <subfield code="a">J. R. R. Tolkien /</subfield>
    <subfield code="c">Laurent Aknin</subfield>
  </datafield>
  <datafield tag="264" ind1=" " ind2="1">
    <subfield code="a">Paris :</subfield>
    <subfield code="b">Nouveau monde,</subfield>
    <subfield code="c">2005</subfield>
  </datafield>
  <datafield tag="300" ind1=" " ind2=" ">
    <subfield code="a">31 p. :</subfield>
    <subfield code="b">ill. ;</subfield>
    <subfield code="c">18 cm</subfield>
  </datafield>
  <datafield tag="490" ind1="0" ind2=" ">
    <subfield code="a">Les Petits illustrés</subfield>
    <subfield code="v">014</subfield>
  </datafield>
</record>