
<record>
  <leader>00620cam a22001697a 4500</leader>
  <controlfield tag="008">110720s2011    xxu||| |  ||||00|  |eng d</controlfield>
  <datafield tag="020" ind1=" " ind2=" ">
    <subfield code="a">9780812243161</subfield>
  </datafield>
  <datafield tag="035" ind1=" " ind2=" ">
    <subfield code="a">R006107620</subfield>
  </datafield>
  <datafield tag="100" ind1="1" ind2=" ">
    <subfield code="0">(RERO)A003350531</subfield>
    <subfield code="a">Hartman, Geoffrey H</subfield>
    <subfield code="4">cre</subfield>
  </datafield>
  <datafield tag="245" ind1="1" ind2="4">
    <subfield code="a">The third pillar :</subfield>
    <subfield code="b">essays in Judaic studies /</subfield>
    <subfield code="c">Geoffrey Hartman</subfield>
  </datafield>
  <datafield tag="264" ind1=" " ind2="1">
    <subfield code="a">Philadelphia :</subfield>
    <subfield code="b">University of Pennsylvania Press,</subfield>
    <subfield code="c">[2011]</subfield>
  </datafield>
  <datafield tag="264" ind1=" " ind2="4">
    <subfield code="c">© 2011</subfield>
  </datafield>
  <datafield tag="300" ind1=" " ind2=" ">
    <subfield code="a">viii, 236 p. :</subfield>
    <subfield code="b">ill.</subfield>
  </datafield>
  <datafield tag="490" ind1="0" ind2=" ">
    <subfield code="a">Jewish culture and contexts</subfield>
  </datafield>
  <datafield tag="630" ind1="0" ind2="0">
    <subfield code="a">Bible.</subfield>
    <subfield code="p">O.T.</subfield>
    <subfield code="x">Criticism, interpretation, etc., Jewish</subfield>
  </datafield>
  <datafield tag="650" ind1=" " ind2="0">
    <subfield code="a">Jewish learning and scholarship</subfield>
  </datafield>
  <datafield tag="650" ind1=" " ind2="0">
    <subfield code="a">Midrash</subfield>
    <subfield code="x">History and criticism</subfield>
  </datafield>
</record>