
<record>
  <leader>00374naa a22000857a 4500</leader>
  <controlfield tag="008">980412s1969    xx ||| |  ||||00|  0eng d</controlfield>
  <datafield tag="035" ind1=" " ind2=" ">
    <subfield code="a">R003440727</subfield>
  </datafield>
  <datafield tag="245" ind1="0" ind2="4">
    <subfield code="a">The Constitution of local councils of churches, The membership of local councils of churches, The organization of local councils of churches, Youth and local councils of churches</subfield>
  </datafield>
  <datafield tag="264" ind1=" " ind2="1">
    <subfield code="c">1969</subfield>
  </datafield>
  <datafield tag="773" ind1="1" ind2=" ">
    <subfield code="t">Voyage, supplement</subfield>
    <subfield code="g">no. 15-18, 1969</subfield>
  </datafield>
</record>