
<record>
  <leader>00375naa a22000977a 4500</leader>
  <controlfield tag="008">980412s1973    xx ||| |  ||||00|  0fre d</controlfield>
  <datafield tag="035" ind1=" " ind2=" ">
    <subfield code="a">R003446025</subfield>
  </datafield>
  <datafield tag="100" ind1="1" ind2=" ">
    <subfield code="0">(RERO)A010994430</subfield>
    <subfield code="a">Potter, Philip,</subfield>
    <subfield code="d">1921-2015</subfield>
    <subfield code="4">cre</subfield>
  </datafield>
  <datafield tag="245" ind1="1" ind2="3">
    <subfield code="a">Le Partage de la foi :</subfield>
    <subfield code="b">le COE a 25 ans /</subfield>
    <subfield code="c">Philip A. Potter</subfield>
  </datafield>
  <datafield tag="264" ind1=" " ind2="1">
    <subfield code="c">1973</subfield>
  </datafield>
  <datafield tag="773" ind1="1" ind2=" ">
    <subfield code="t">Réforme : hebdomadaire protestant d&apos;information générale</subfield>
    <subfield code="g">no. 1483/1484 (1973) p. 7-11</subfield>
  </datafield>
</record>