
<record>
  <leader>00382nas a2200085 a 4500</leader>
  <controlfield tag="008">861017d19711976gw |||p|| ||||0 || 0ger d</controlfield>
  <datafield tag="035" ind1=" " ind2=" ">
    <subfield code="a">0764560</subfield>
  </datafield>
  <datafield tag="245" ind1="0" ind2="0">
    <subfield code="a">ÖVD :</subfield>
    <subfield code="b">öffentliche Verwaltung und Datenverarbeitung : unabhängige Fachzeitschrift für Organisation und Automation in der öffentlichen Verwaltung</subfield>
  </datafield>
  <datafield tag="264" ind1=" " ind2="1">
    <subfield code="a">Stuttgart :</subfield>
    <subfield code="b">W. Kohlhammer ;</subfield>
    <subfield code="a">Köln :</subfield>
    <subfield code="b">Deutscher Gemeindeverl.,</subfield>
    <subfield code="c">1971-1976</subfield>
  </datafield>
  <datafield tag="300" ind1=" " ind2=" ">
    <subfield code="c">30 cm</subfield>
  </datafield>
</record>