
<record>
  <leader>00565nam a2200145 a 4500</leader>
  <controlfield tag="008">000914s1998    fr ||| |  ||||00|  |fre d</controlfield>
  <datafield tag="020" ind1=" " ind2=" ">
    <subfield code="a">9782130487715</subfield>
  </datafield>
  <datafield tag="035" ind1=" " ind2=" ">
    <subfield code="a">R267112260</subfield>
  </datafield>
  <datafield tag="100" ind1="1" ind2=" ">
    <subfield code="0">(RERO)A003503484</subfield>
    <subfield code="a">Le Gall, Danielle</subfield>
    <subfield code="4">cre</subfield>
  </datafield>
  <datafield tag="245" ind1="1" ind2="1">
    <subfield code="a">&quot;Electre&quot; de Jean Giraudoux :</subfield>
    <subfield code="b">textes commentés /</subfield>
    <subfield code="c">par Danielle Le Gall</subfield>
  </datafield>
  <datafield tag="264" ind1=" " ind2="1">
    <subfield code="a">Paris :</subfield>
    <subfield code="b">Presses universitaires de France,</subfield>
    <subfield code="c">1998</subfield>
  </datafield>
  <datafield tag="300" ind1=" " ind2=" ">
    <subfield code="a">IV, 114 p. ;</subfield>
    <subfield code="c">18 cm</subfield>
  </datafield>
  <datafield tag="490" ind1="1" ind2=" ">
    <subfield code="a">Major bac. Premières ES - L - S</subfield>
  </datafield>
  <datafield tag="600" ind1="1" ind2="7">
    <subfield code="0">(RERO)A010089275</subfield>
    <subfield code="a">Giraudoux, Jean.</subfield>
    <subfield code="t">&quot;Electre&quot;</subfield>
    <subfield code="2">rero</subfield>
  </datafield>
  <datafield tag="655" ind1=" " ind2="7">
    <subfield code="0">(RERO)A021098695</subfield>
    <subfield code="a">[Manuels d&apos;enseignement]</subfield>
    <subfield code="2">rero</subfield>
  </datafield>
</record>