
<record>
  <leader>00679naa a2200157 a 4500</leader>
  <controlfield tag="008">960525s1942    sz ||| |  ||||00|  |fre d</controlfield>
  <datafield tag="035" ind1=" " ind2=" ">
    <subfield code="a">bv080801760</subfield>
  </datafield>
  <datafield tag="100" ind1="1" ind2=" ">
    <subfield code="0">(RERO)A003234804</subfield>
    <subfield code="a">Fazy, Robert</subfield>
    <subfield code="4">cre</subfield>
  </datafield>
  <datafield tag="245" ind1="1" ind2="2">
    <subfield code="a">L&apos;exploration du Karakoram :</subfield>
    <subfield code="b">essai de synthèse et de bibliographie raisonnée /</subfield>
    <subfield code="c">Robert Fazy</subfield>
  </datafield>
  <datafield tag="264" ind1=" " ind2="1">
    <subfield code="a">[Lieu de publication non identifié] :</subfield>
    <subfield code="b">[éditeur non identifié],</subfield>
    <subfield code="c">1942</subfield>
  </datafield>
  <datafield tag="264" ind1=" " ind2="3">
    <subfield code="a">Berne :</subfield>
    <subfield code="b">Impr. par Staempfli</subfield>
  </datafield>
  <datafield tag="300" ind1=" " ind2=" ">
    <subfield code="a">17 p. :</subfield>
    <subfield code="b">ill. ;</subfield>
    <subfield code="c">26 cm</subfield>
  </datafield>
  <datafield tag="650" ind1=" " ind2="7">
    <subfield code="0">jurivoc000009794ger</subfield>
    <subfield code="a">Geschichte</subfield>
    <subfield code="2">jurivoc</subfield>
    <subfield code="9">ger</subfield>
  </datafield>
  <datafield tag="651" ind1=" " ind2="7">
    <subfield code="0">jurivoc000001859ger</subfield>
    <subfield code="a">Asien</subfield>
    <subfield code="2">jurivoc</subfield>
    <subfield code="9">ger</subfield>
  </datafield>
  <datafield tag="651" ind1=" " ind2="7">
    <subfield code="0">jurivoc000012519ger</subfield>
    <subfield code="a">Kashmir(grenzüberschreitende Region)</subfield>
    <subfield code="2">jurivoc</subfield>
    <subfield code="9">ger</subfield>
  </datafield>
  <datafield tag="773" ind1="1" ind2=" ">
    <subfield code="t">Alpes</subfield>
    <subfield code="g">1942</subfield>
  </datafield>
</record>