
<record>
  <leader>00601nam a2200169 a 4500</leader>
  <controlfield tag="008">000810s1978    gw |||||| ||||00|| |ger d</controlfield>
  <datafield tag="020" ind1=" " ind2=" ">
    <subfield code="a">9783795723293</subfield>
  </datafield>
  <datafield tag="035" ind1=" " ind2=" ">
    <subfield code="a">0393466</subfield>
  </datafield>
  <datafield tag="100" ind1="1" ind2=" ">
    <subfield code="0">(RERO)A003724040</subfield>
    <subfield code="a">Ragossnig, Konrad</subfield>
    <subfield code="4">cre</subfield>
  </datafield>
  <datafield tag="245" ind1="1" ind2="0">
    <subfield code="a">Handbuch der Gitarre und Laute /</subfield>
    <subfield code="c">Konrad Ragossnig</subfield>
  </datafield>
  <datafield tag="264" ind1=" " ind2="1">
    <subfield code="a">Mainz ;</subfield>
    <subfield code="a">London [etc.] :</subfield>
    <subfield code="b">Schott,</subfield>
    <subfield code="c">[1978]</subfield>
  </datafield>
  <datafield tag="264" ind1=" " ind2="4">
    <subfield code="c">© 1978</subfield>
  </datafield>
  <datafield tag="300" ind1=" " ind2=" ">
    <subfield code="a">258 p. :</subfield>
    <subfield code="b">ill. ;</subfield>
    <subfield code="c">24 cm</subfield>
  </datafield>
  <datafield tag="650" ind1=" " ind2="7">
    <subfield code="0">(RERO)A021004615</subfield>
    <subfield code="a">Guitare</subfield>
    <subfield code="2">rero</subfield>
  </datafield>
  <datafield tag="650" ind1=" " ind2="7">
    <subfield code="0">(RERO)A022543750</subfield>
    <subfield code="a">15e siècle-20e siècle</subfield>
    <subfield code="2">rero</subfield>
  </datafield>
  <datafield tag="650" ind1=" " ind2="7">
    <subfield code="0">(RERO)A021097588</subfield>
    <subfield code="a">Luth</subfield>
    <subfield code="2">rero</subfield>
  </datafield>
  <datafield tag="655" ind1=" " ind2="7">
    <subfield code="0">(RERO)A021098695</subfield>
    <subfield code="a">[Manuels d&apos;enseignement]</subfield>
    <subfield code="2">rero</subfield>
  </datafield>
</record>