
<record>
  <leader>00463nam a2200121 a 4500</leader>
  <controlfield tag="008">960525s1981    gw |||||| ||||00|| |ger d</controlfield>
  <datafield tag="020" ind1=" " ind2=" ">
    <subfield code="a">9783428048953</subfield>
  </datafield>
  <datafield tag="035" ind1=" " ind2=" ">
    <subfield code="a">0375963</subfield>
  </datafield>
  <datafield tag="100" ind1="1" ind2=" ">
    <subfield code="0">(RERO)A003084243</subfield>
    <subfield code="a">Catranis, Alexander</subfield>
    <subfield code="4">cre</subfield>
  </datafield>
  <datafield tag="245" ind1="1" ind2="4">
    <subfield code="a">Die Aufgabe der Zusammenschlusskontrolle :</subfield>
    <subfield code="b">dargestellt am Beispiel der Sanierungsfusion /</subfield>
    <subfield code="c">von Alexander Catranis</subfield>
  </datafield>
  <datafield tag="264" ind1=" " ind2="1">
    <subfield code="a">Berlin :</subfield>
    <subfield code="b">Duncker und Humblot,</subfield>
    <subfield code="c">1981</subfield>
  </datafield>
  <datafield tag="300" ind1=" " ind2=" ">
    <subfield code="a">168 p. ;</subfield>
    <subfield code="c">24 cm</subfield>
  </datafield>
  <datafield tag="490" ind1="1" ind2=" ">
    <subfield code="a">Schriften zum Wirtschaftsrecht</subfield>
    <subfield code="v">Bd. 36</subfield>
  </datafield>
</record>