
<record>
  <leader>00558naa a2200133 a 4500</leader>
  <controlfield tag="008">971202q19351936sz ||| |  ||||00|  |ita d</controlfield>
  <datafield tag="035" ind1=" " ind2=" ">
    <subfield code="a">R222472560</subfield>
  </datafield>
  <datafield tag="100" ind1="1" ind2=" ">
    <subfield code="0">(RERO)A003801127</subfield>
    <subfield code="a">Schmidt, Willy</subfield>
    <subfield code="4">cre</subfield>
  </datafield>
  <datafield tag="245" ind1="1" ind2="0">
    <subfield code="a">Esperienze sull&apos;acclimazione dell&apos;eucalipto nel Cantone Ticino /</subfield>
    <subfield code="c">Willy Schmidt</subfield>
  </datafield>
  <datafield tag="264" ind1=" " ind2="1">
    <subfield code="a">Locarno :</subfield>
    <subfield code="b">Tip. Pedrazzini,</subfield>
    <subfield code="c">[1936?]</subfield>
  </datafield>
  <datafield tag="300" ind1=" " ind2=" ">
    <subfield code="a">6 p., [1] f. di tav. :</subfield>
    <subfield code="b">ill. ;</subfield>
    <subfield code="c">24 cm</subfield>
  </datafield>
  <datafield tag="650" ind1=" " ind2="7">
    <subfield code="0">(RERO)A021012074</subfield>
    <subfield code="a">Eucalyptus</subfield>
    <subfield code="2">rero</subfield>
  </datafield>
  <datafield tag="651" ind1=" " ind2="7">
    <subfield code="0">(RERO)A009994971</subfield>
    <subfield code="a">Ticino (Suisse, canton)</subfield>
    <subfield code="2">rero</subfield>
  </datafield>
  <datafield tag="773" ind1="1" ind2=" ">
    <subfield code="t">Bollettino della Società ticinese di scienze naturali</subfield>
    <subfield code="g">1935-36</subfield>
  </datafield>
</record>