
<record>
  <leader>00672nam a2200169 a 4500</leader>
  <controlfield tag="008">960104s1995    fr |||||| ||||00|| |ara d</controlfield>
  <datafield tag="020" ind1=" " ind2=" ">
    <subfield code="a">9789981953154</subfield>
  </datafield>
  <datafield tag="035" ind1=" " ind2=" ">
    <subfield code="a">2129662</subfield>
  </datafield>
  <datafield tag="100" ind1="1" ind2=" ">
    <subfield code="0">(RERO)A003019200</subfield>
    <subfield code="a">Bohas, Georges</subfield>
    <subfield code="4">cre</subfield>
  </datafield>
  <datafield tag="245" ind1="1" ind2="0">
    <subfield code="6">880-01</subfield>
    <subfield code="a">Fī iktisāb asālīb al-inshāʾ /</subfield>
    <subfield code="c">Georges Bohas</subfield>
  </datafield>
  <datafield tag="264" ind1=" " ind2="1">
    <subfield code="a">Paris :</subfield>
    <subfield code="b">Faiza el Qasem :</subfield>
    <subfield code="b">Georges Bohas,</subfield>
    <subfield code="c">1995</subfield>
  </datafield>
  <datafield tag="300" ind1=" " ind2=" ">
    <subfield code="a">136 p. 22 cm</subfield>
  </datafield>
  <datafield tag="500" ind1=" " ind2=" ">
    <subfield code="a">Titre en français: Rédiger en arabe</subfield>
  </datafield>
  <datafield tag="650" ind1=" " ind2="7">
    <subfield code="0">(RERO)A021100914</subfield>
    <subfield code="a">Arabe (langue)</subfield>
    <subfield code="2">rero</subfield>
  </datafield>
  <datafield tag="650" ind1=" " ind2="7">
    <subfield code="0">(RERO)A021043997</subfield>
    <subfield code="a">Rédaction</subfield>
    <subfield code="2">rero</subfield>
  </datafield>
  <datafield tag="655" ind1=" " ind2="7">
    <subfield code="0">(RERO)A021098695</subfield>
    <subfield code="a">[Manuels d&apos;enseignement]</subfield>
    <subfield code="2">rero</subfield>
  </datafield>
  <datafield tag="880" ind1="1" ind2="0">
    <subfield code="6">245-01/(3/r</subfield>
    <subfield code="a">في اكتساب أساليب الإنشاء /</subfield>
    <subfield code="c">Georges Bohas</subfield>
  </datafield>
</record>