
<record>
  <leader>00525naa a22001097a 4500</leader>
  <controlfield tag="008">980412s1977    xx ||| |  ||||00|  0ger d</controlfield>
  <datafield tag="035" ind1=" " ind2=" ">
    <subfield code="a">R003425527</subfield>
  </datafield>
  <datafield tag="245" ind1="0" ind2="0">
    <subfield code="a">Folgerungen nach Nairobi für unsere Kirchen</subfield>
  </datafield>
  <datafield tag="264" ind1=" " ind2="1">
    <subfield code="a">Zürich :</subfield>
    <subfield code="b">Evangelisch-Reformierte Landeskirche des Kantons Zürich,</subfield>
    <subfield code="c">1977</subfield>
  </datafield>
  <datafield tag="300" ind1=" " ind2=" ">
    <subfield code="a">9 p. ;</subfield>
    <subfield code="c">21 cm</subfield>
  </datafield>
  <datafield tag="710" ind1="2" ind2=" ">
    <subfield code="0">(RERO)A000059563</subfield>
    <subfield code="a">Evangelisch-Reformierte Landeskirche des Kantons Zürich</subfield>
  </datafield>
  <datafield tag="773" ind1="1" ind2=" ">
    <subfield code="t">Protokoll der Kirchensynode des Kantons Zürich, 24. Amtsdauer, 8. Sitzung</subfield>
    <subfield code="g">Ausserordentliche Versammlung vom 18.1.1977, p. 23-32</subfield>
  </datafield>
</record>