
<record>
  <leader>00583nam a2200157 a 4500</leader>
  <controlfield tag="008">000928s1999    xxk||| |  ||||00|  |eng d</controlfield>
  <datafield tag="020" ind1=" " ind2=" ">
    <subfield code="a">9780521651721</subfield>
  </datafield>
  <datafield tag="020" ind1=" " ind2=" ">
    <subfield code="a">9780521657013</subfield>
  </datafield>
  <datafield tag="035" ind1=" " ind2=" ">
    <subfield code="a">R268862460</subfield>
  </datafield>
  <datafield tag="100" ind1="1" ind2=" ">
    <subfield code="0">(RERO)A020065213</subfield>
    <subfield code="a">Price, Richard,</subfield>
    <subfield code="d">1944-</subfield>
    <subfield code="4">cre</subfield>
  </datafield>
  <datafield tag="245" ind1="1" ind2="0">
    <subfield code="a">British society, 1680-1880 :</subfield>
    <subfield code="b">dynamism, containment and change /</subfield>
    <subfield code="c">Richard Price</subfield>
  </datafield>
  <datafield tag="264" ind1=" " ind2="1">
    <subfield code="a">Cambridge [etc.] :</subfield>
    <subfield code="b">Cambridge Univ. Press,</subfield>
    <subfield code="c">1999</subfield>
  </datafield>
  <datafield tag="300" ind1=" " ind2=" ">
    <subfield code="a">XII, 349 p. ;</subfield>
    <subfield code="c">23 cm</subfield>
  </datafield>
  <datafield tag="650" ind1=" " ind2="7">
    <subfield code="0">(RERO)A010028893</subfield>
    <subfield code="a">société (milieu humain)</subfield>
    <subfield code="2">rerovoc</subfield>
  </datafield>
  <datafield tag="650" ind1=" " ind2="7">
    <subfield code="a">1680-1880</subfield>
    <subfield code="2">rero</subfield>
  </datafield>
  <datafield tag="651" ind1=" " ind2="7">
    <subfield code="0">(RERO)A009957998</subfield>
    <subfield code="a">Grande-Bretagne</subfield>
    <subfield code="2">rero</subfield>
  </datafield>
</record>