
<record>
  <leader>00504nam a2200145 a 4500</leader>
  <controlfield tag="008">000924s1995    gw |||||| ||||00|  |ger d</controlfield>
  <datafield tag="020" ind1=" " ind2=" ">
    <subfield code="a">9783810013668</subfield>
  </datafield>
  <datafield tag="035" ind1=" " ind2=" ">
    <subfield code="a">R270772960</subfield>
  </datafield>
  <datafield tag="100" ind1="1" ind2=" ">
    <subfield code="0">(RERO)A003509474</subfield>
    <subfield code="a">Lehner, Franz</subfield>
    <subfield code="4">cre</subfield>
  </datafield>
  <datafield tag="245" ind1="1" ind2="0">
    <subfield code="a">Vergleichende Regierungslehre /</subfield>
    <subfield code="c">Franz Lehner, Ulrich Widmaier</subfield>
  </datafield>
  <datafield tag="264" ind1=" " ind2="1">
    <subfield code="a">Opladen :</subfield>
    <subfield code="b">Leske + Budrich,</subfield>
    <subfield code="c">1995</subfield>
  </datafield>
  <datafield tag="300" ind1=" " ind2=" ">
    <subfield code="a">161 S. ;</subfield>
    <subfield code="c">24 cm</subfield>
  </datafield>
  <datafield tag="490" ind1="1" ind2=" ">
    <subfield code="a">Grundwissen Politik</subfield>
    <subfield code="v">Bd. 4</subfield>
  </datafield>
  <datafield tag="650" ind1=" " ind2="7">
    <subfield code="0">(RERO)A021066030</subfield>
    <subfield code="a">Régimes politiques</subfield>
    <subfield code="2">rero</subfield>
  </datafield>
  <datafield tag="700" ind1="1" ind2=" ">
    <subfield code="0">(RERO)A003972986</subfield>
    <subfield code="a">Widmaier, Ulrich</subfield>
  </datafield>
</record>