
<record>
  <leader>00369naa a22000977a 4500</leader>
  <controlfield tag="008">980412s1967    xx ||| |  ||||00|  0eng d</controlfield>
  <datafield tag="035" ind1=" " ind2=" ">
    <subfield code="a">R003447826</subfield>
  </datafield>
  <datafield tag="100" ind1="1" ind2=" ">
    <subfield code="0">(RERO)A012348452</subfield>
    <subfield code="a">Bea, Augustin,</subfield>
    <subfield code="d">1881-1968</subfield>
    <subfield code="4">cre</subfield>
  </datafield>
  <datafield tag="245" ind1="1" ind2="0">
    <subfield code="a">Paul VI on ecumenism /</subfield>
    <subfield code="c">Cardinal Augustin Bea</subfield>
  </datafield>
  <datafield tag="264" ind1=" " ind2="1">
    <subfield code="c">1967</subfield>
  </datafield>
  <datafield tag="773" ind1="1" ind2=" ">
    <subfield code="t">Month : an illustrated magazine of literature, science and art</subfield>
    <subfield code="g">n.s. v.38 (1967): No.1/2, p. 26-34</subfield>
  </datafield>
</record>