
<record>
  <leader>00706nam a2200169 a 4500</leader>
  <controlfield tag="008">000915s1997    xxk|||||| ||||00|  |eng d</controlfield>
  <datafield tag="020" ind1=" " ind2=" ">
    <subfield code="a">9780582072442</subfield>
  </datafield>
  <datafield tag="035" ind1=" " ind2=" ">
    <subfield code="a">R268372560</subfield>
  </datafield>
  <datafield tag="100" ind1="1" ind2=" ">
    <subfield code="0">(RERO)A027426011</subfield>
    <subfield code="a">Richards, Jack C.,</subfield>
    <subfield code="d">1943-</subfield>
    <subfield code="4">cre</subfield>
  </datafield>
  <datafield tag="245" ind1="1" ind2="0">
    <subfield code="a">Longman dictionary of language teaching and applied linguisitics /</subfield>
    <subfield code="c">Jack C. Richards, John Platt, Heidi Platt</subfield>
  </datafield>
  <datafield tag="264" ind1=" " ind2="1">
    <subfield code="a">Harlow :</subfield>
    <subfield code="b">Longman,</subfield>
    <subfield code="c">1997</subfield>
  </datafield>
  <datafield tag="300" ind1=" " ind2=" ">
    <subfield code="a">VIII, 423 p. ;</subfield>
    <subfield code="c">22 cm</subfield>
  </datafield>
  <datafield tag="650" ind1=" " ind2="7">
    <subfield code="0">(RERO)A021102403</subfield>
    <subfield code="a">Linguistique appliquée</subfield>
    <subfield code="2">rero</subfield>
  </datafield>
  <datafield tag="650" ind1=" " ind2="7">
    <subfield code="0">(RERO)A009959333</subfield>
    <subfield code="a">langage - apprentissage (psychologie)</subfield>
    <subfield code="2">rerovoc</subfield>
  </datafield>
  <datafield tag="655" ind1=" " ind2="7">
    <subfield code="0">(RERO)A010182394</subfield>
    <subfield code="a">[dictionnaire]</subfield>
    <subfield code="2">rerovoc</subfield>
  </datafield>
  <datafield tag="700" ind1="1" ind2=" ">
    <subfield code="0">(RERO)A003699379</subfield>
    <subfield code="a">Platt, John T</subfield>
  </datafield>
  <datafield tag="700" ind1="1" ind2=" ">
    <subfield code="0">(RERO)A003699371</subfield>
    <subfield code="a">Platt, Heidi K</subfield>
  </datafield>
</record>