
<record>
  <leader>00471nam a2200133 a 4500</leader>
  <controlfield tag="008">000918s1970    xxu|||||| ||||00|  |eng d</controlfield>
  <datafield tag="020" ind1=" " ind2=" ">
    <subfield code="a">9780801491122</subfield>
  </datafield>
  <datafield tag="035" ind1=" " ind2=" ">
    <subfield code="a">R268812260</subfield>
  </datafield>
  <datafield tag="100" ind1="1" ind2=" ">
    <subfield code="0">(RERO)A003214000</subfield>
    <subfield code="a">Elias, Robert Henry</subfield>
    <subfield code="4">cre</subfield>
  </datafield>
  <datafield tag="245" ind1="1" ind2="0">
    <subfield code="a">Theodore Dreiser :</subfield>
    <subfield code="b">apostle of nature /</subfield>
    <subfield code="c">Robert H. Elias</subfield>
  </datafield>
  <datafield tag="264" ind1=" " ind2="1">
    <subfield code="a">Ithaca [etc.] :</subfield>
    <subfield code="b">Cornell University Press,</subfield>
    <subfield code="c">1970</subfield>
  </datafield>
  <datafield tag="300" ind1=" " ind2=" ">
    <subfield code="a">X, 435 p. :</subfield>
    <subfield code="b">portr. ;</subfield>
    <subfield code="c">22 cm</subfield>
  </datafield>
  <datafield tag="490" ind1="1" ind2=" ">
    <subfield code="a">Cornell paperbacks</subfield>
  </datafield>
  <datafield tag="600" ind1="1" ind2="7">
    <subfield code="0">(RERO)A010075475</subfield>
    <subfield code="a">Dreiser, Theodore</subfield>
    <subfield code="2">rero</subfield>
  </datafield>
</record>