
<record>
  <leader>00778ccm a2200169 a 4500</leader>
  <controlfield tag="008">951213s1977    gw |||||| |||||||  |ger d</controlfield>
  <datafield tag="035" ind1=" " ind2=" ">
    <subfield code="a">2124019</subfield>
  </datafield>
  <datafield tag="041" ind1="0" ind2=" ">
    <subfield code="a">ger</subfield>
    <subfield code="a">eng</subfield>
  </datafield>
  <datafield tag="100" ind1="1" ind2=" ">
    <subfield code="0">(RERO)A000112977</subfield>
    <subfield code="a">Mendelssohn-Bartholdy, Felix</subfield>
    <subfield code="4">cre</subfield>
  </datafield>
  <datafield tag="245" ind1="1" ind2="0">
    <subfield code="a">Aus tiefer Not schrei ich zu dir :</subfield>
    <subfield code="b">Worte (nach Psalm 130) und Weise: Martin Luther : op. 23, Nr. 1 /</subfield>
    <subfield code="c">Felix Mendelssohn-Bartholdy ; Hrsg.: Günter Graulich ; english version by Jean Lunn</subfield>
  </datafield>
  <datafield tag="264" ind1=" " ind2="1">
    <subfield code="a">Stuttgart :</subfield>
    <subfield code="b">Carus,</subfield>
    <subfield code="c">[1977]</subfield>
  </datafield>
  <datafield tag="264" ind1=" " ind2="4">
    <subfield code="c">© 1977</subfield>
  </datafield>
  <datafield tag="300" ind1=" " ind2=" ">
    <subfield code="a">1 partition de choeur (11 p.) ;</subfield>
    <subfield code="c">29 cm</subfield>
  </datafield>
  <datafield tag="500" ind1=" " ind2=" ">
    <subfield code="a">Edition avec texte original et traduction anglaise</subfield>
  </datafield>
  <datafield tag="700" ind1="1" ind2=" ">
    <subfield code="0">(RERO)A003315686</subfield>
    <subfield code="a">Graulich, Günter</subfield>
  </datafield>
  <datafield tag="700" ind1="1" ind2=" ">
    <subfield code="0">(RERO)A003536735</subfield>
    <subfield code="a">Lunn, Jean</subfield>
  </datafield>
  <datafield tag="700" ind1="1" ind2="2">
    <subfield code="a">Mendelssohn-Bartholdy, Felix. -</subfield>
    <subfield code="t">Motets.</subfield>
    <subfield code="r">Op. 23 no 1</subfield>
    <subfield code="h">[Musique imprimée]</subfield>
  </datafield>
</record>