
<record>
  <leader>00586nam a2200157 a 4500</leader>
  <controlfield tag="008">860905s1984    sz |||||| ||||00|| |ger d</controlfield>
  <datafield tag="020" ind1=" " ind2=" ">
    <subfield code="a">9783764315184</subfield>
  </datafield>
  <datafield tag="035" ind1=" " ind2=" ">
    <subfield code="a">0749263</subfield>
  </datafield>
  <datafield tag="041" ind1="1" ind2=" ">
    <subfield code="a">ger</subfield>
    <subfield code="h">eng</subfield>
  </datafield>
  <datafield tag="100" ind1="1" ind2=" ">
    <subfield code="0">(RERO)A003467303</subfield>
    <subfield code="a">Konner, Melvin</subfield>
    <subfield code="4">cre</subfield>
  </datafield>
  <datafield tag="245" ind1="1" ind2="4">
    <subfield code="a">Die unvollkommene Gattung :</subfield>
    <subfield code="b">biologische Grundlagen und die Natur des Menschen /</subfield>
    <subfield code="c">Melvin Konner ; aus dem Englischen von Tony Westermayr</subfield>
  </datafield>
  <datafield tag="264" ind1=" " ind2="1">
    <subfield code="a">Basel ;</subfield>
    <subfield code="a">Boston [etc.] :</subfield>
    <subfield code="b">Birkhäuser Verl.,</subfield>
    <subfield code="c">[1984]</subfield>
  </datafield>
  <datafield tag="264" ind1=" " ind2="4">
    <subfield code="c">© 1984</subfield>
  </datafield>
  <datafield tag="300" ind1=" " ind2=" ">
    <subfield code="a">473 p. ;</subfield>
    <subfield code="c">23 cm</subfield>
  </datafield>
  <datafield tag="500" ind1=" " ind2=" ">
    <subfield code="a">Traduit de: The tangled wing</subfield>
  </datafield>
  <datafield tag="700" ind1="1" ind2=" ">
    <subfield code="0">(RERO)A003969800</subfield>
    <subfield code="a">Westermayr, Tony</subfield>
  </datafield>
</record>