
<record>
  <leader>00895naa a22001812a 4500</leader>
  <controlfield tag="008">970729s1976    sz ||| |  ||||00|  |ger d</controlfield>
  <datafield tag="035" ind1=" " ind2=" ">
    <subfield code="a">bv01115925</subfield>
  </datafield>
  <datafield tag="100" ind1="1" ind2=" ">
    <subfield code="0">(RERO)A025075357</subfield>
    <subfield code="a">Wirth, Markus,</subfield>
    <subfield code="d">1945-</subfield>
    <subfield code="4">cre</subfield>
  </datafield>
  <datafield tag="245" ind1="1" ind2="0">
    <subfield code="a">Grundlagen und Ausgestaltung der Mehrwertabschöpfung /</subfield>
    <subfield code="c">Markus Wirth</subfield>
  </datafield>
  <datafield tag="264" ind1=" " ind2="1">
    <subfield code="a">Zürich :</subfield>
    <subfield code="b">Institut f. Orts-, Regional- u. Landesplanung,</subfield>
    <subfield code="c">1976</subfield>
  </datafield>
  <datafield tag="300" ind1=" " ind2=" ">
    <subfield code="a">216 S. ;</subfield>
    <subfield code="c">22,5 cm</subfield>
  </datafield>
  <datafield tag="490" ind1="1" ind2=" ">
    <subfield code="a">Schriftenreihe zur Orts-, Regional- und Landesplanung</subfield>
    <subfield code="v">26</subfield>
    <subfield code="9">CHECKED</subfield>
  </datafield>
  <datafield tag="650" ind1=" " ind2="7">
    <subfield code="0">jurivoc000018160ger</subfield>
    <subfield code="a">Raumplanung und öffentliches Baurecht</subfield>
    <subfield code="2">jurivoc</subfield>
    <subfield code="9">ger</subfield>
  </datafield>
  <datafield tag="650" ind1=" " ind2="7">
    <subfield code="0">jurivoc000014871ger</subfield>
    <subfield code="a">Mehrwert</subfield>
    <subfield code="2">jurivoc</subfield>
    <subfield code="9">ger</subfield>
  </datafield>
  <datafield tag="650" ind1=" " ind2="7">
    <subfield code="0">jurivoc000014872ger</subfield>
    <subfield code="a">Mehrwertabgabe</subfield>
    <subfield code="2">jurivoc</subfield>
    <subfield code="9">ger</subfield>
  </datafield>
  <datafield tag="651" ind1=" " ind2="7">
    <subfield code="0">jurivoc000019912ger</subfield>
    <subfield code="a">Schweiz</subfield>
    <subfield code="2">jurivoc</subfield>
    <subfield code="9">ger</subfield>
  </datafield>
  <datafield tag="710" ind1="2" ind2=" ">
    <subfield code="0">(RERO)A000194811</subfield>
    <subfield code="a">Ecole polytechnique fédérale (Zürich).</subfield>
    <subfield code="b">Institut pour l&apos;aménagement national, régional et local</subfield>
  </datafield>
  <datafield tag="773" ind1="1" ind2=" ">
    <subfield code="t">Diss. jur. Zürich</subfield>
  </datafield>
</record>