
<record>
  <leader>00321nam a22001092a 4500</leader>
  <controlfield tag="008">110218s1992    fr ||| |  ||||00|  |fre d</controlfield>
  <datafield tag="020" ind1=" " ind2=" ">
    <subfield code="a">9782230000319</subfield>
  </datafield>
  <datafield tag="035" ind1=" " ind2=" ">
    <subfield code="a">R006027629</subfield>
  </datafield>
  <datafield tag="100" ind1="1" ind2=" ">
    <subfield code="0">(RERO)A012267799</subfield>
    <subfield code="a">Disney, Walt,</subfield>
    <subfield code="d">1901-1966</subfield>
    <subfield code="4">cre</subfield>
  </datafield>
  <datafield tag="245" ind1="1" ind2="0">
    <subfield code="a">Pinocchio /</subfield>
    <subfield code="c">Walt Disney</subfield>
  </datafield>
  <datafield tag="264" ind1=" " ind2="1">
    <subfield code="a">Paris :</subfield>
    <subfield code="b">Hachette,</subfield>
    <subfield code="c">1992</subfield>
  </datafield>
  <datafield tag="300" ind1=" " ind2=" ">
    <subfield code="a">45 p. :</subfield>
    <subfield code="b">ill. ;</subfield>
    <subfield code="c">27 cm</subfield>
  </datafield>
</record>