
<record>
  <leader>00287nas a2200085 a 4500</leader>
  <controlfield tag="008">881006d19759999xxu|||m|| ||||0 || 0eng d</controlfield>
  <datafield tag="035" ind1=" " ind2=" ">
    <subfield code="a">1026243</subfield>
  </datafield>
  <datafield tag="245" ind1="0" ind2="0">
    <subfield code="a">Bibliotheca Maimonidica :</subfield>
    <subfield code="b">texts, studies and translations in Maimonidean thought and scholarship</subfield>
  </datafield>
  <datafield tag="264" ind1=" " ind2="1">
    <subfield code="a">New York :</subfield>
    <subfield code="b">Ktav Publ.,</subfield>
    <subfield code="c">1975-&gt;</subfield>
  </datafield>
  <datafield tag="300" ind1=" " ind2=" ">
    <subfield code="c">24 cm</subfield>
  </datafield>
</record>