
<record>
  <leader>00575nam a2200169 a 4500</leader>
  <controlfield tag="008">860813s1976    gw |||||| ||||00|| |ger d</controlfield>
  <datafield tag="020" ind1=" " ind2=" ">
    <subfield code="a">9783552028159</subfield>
  </datafield>
  <datafield tag="035" ind1=" " ind2=" ">
    <subfield code="a">0740213</subfield>
  </datafield>
  <datafield tag="041" ind1="1" ind2=" ">
    <subfield code="a">ger</subfield>
    <subfield code="h">eng</subfield>
  </datafield>
  <datafield tag="100" ind1="1" ind2=" ">
    <subfield code="0">(RERO)A003211450</subfield>
    <subfield code="a">Ehrlich, Max</subfield>
    <subfield code="4">cre</subfield>
  </datafield>
  <datafield tag="245" ind1="1" ind2="4">
    <subfield code="a">Der Mann der zweimal lebte /</subfield>
    <subfield code="c">Max Ehrlich ; [berechtigte Übers. von Wolfgang Wiegand]</subfield>
  </datafield>
  <datafield tag="264" ind1=" " ind2="1">
    <subfield code="a">Wien [etc.] :</subfield>
    <subfield code="b">P. Zsolnay,</subfield>
    <subfield code="c">[1976]</subfield>
  </datafield>
  <datafield tag="264" ind1=" " ind2="4">
    <subfield code="c">© 1976</subfield>
  </datafield>
  <datafield tag="300" ind1=" " ind2=" ">
    <subfield code="a">309 p. ;</subfield>
    <subfield code="c">20 cm</subfield>
  </datafield>
  <datafield tag="490" ind1="0" ind2=" ">
    <subfield code="a">Die phantastischen Romane</subfield>
  </datafield>
  <datafield tag="500" ind1=" " ind2=" ">
    <subfield code="a">Traduit de: The reincarnation of Peter Proud</subfield>
  </datafield>
  <datafield tag="700" ind1="1" ind2=" ">
    <subfield code="0">(RERO)A003973608</subfield>
    <subfield code="a">Wiegand, Wolfgang</subfield>
  </datafield>
</record>