
<record>
  <leader>00349naa a22000977a 4500</leader>
  <controlfield tag="008">980412s1975    xx ||| |  ||||00|  0ger d</controlfield>
  <datafield tag="035" ind1=" " ind2=" ">
    <subfield code="a">R003443429</subfield>
  </datafield>
  <datafield tag="100" ind1="1" ind2=" ">
    <subfield code="0">(RERO)A011530636</subfield>
    <subfield code="a">Anson, Gunars</subfield>
    <subfield code="4">cre</subfield>
  </datafield>
  <datafield tag="245" ind1="1" ind2="0">
    <subfield code="a">Spannung in der Ökumene /</subfield>
    <subfield code="c">Gunars Anson</subfield>
  </datafield>
  <datafield tag="264" ind1=" " ind2="1">
    <subfield code="c">1975</subfield>
  </datafield>
  <datafield tag="773" ind1="1" ind2=" ">
    <subfield code="t">Lutherische Rundschau : Zeitschrift des Lutherischen Weltbundes</subfield>
    <subfield code="g">v. 25 (1975) no. 3, p. 195-221</subfield>
  </datafield>
</record>