
<record>
  <leader>01850nam a2200133 a 4500</leader>
  <controlfield tag="008">110218s2005    fr ||| |  ||||00|  |fre d</controlfield>
  <datafield tag="020" ind1=" " ind2=" ">
    <subfield code="a">9782745919595</subfield>
  </datafield>
  <datafield tag="035" ind1=" " ind2=" ">
    <subfield code="a">R006035526</subfield>
  </datafield>
  <datafield tag="245" ind1="0" ind2="0">
    <subfield code="a">Noël :</subfield>
    <subfield code="b">le livre des contes, des poésies et des chansons</subfield>
  </datafield>
  <datafield tag="264" ind1=" " ind2="1">
    <subfield code="a">Toulouse :</subfield>
    <subfield code="b">Milan Jeunesse,</subfield>
    <subfield code="c">2005</subfield>
  </datafield>
  <datafield tag="300" ind1=" " ind2=" ">
    <subfield code="a">1 vol. (non paginé) :</subfield>
    <subfield code="b">ill. ;</subfield>
    <subfield code="c">29 cm</subfield>
  </datafield>
  <datafield tag="500" ind1=" " ind2=" ">
    <subfield code="a">Contient : La clé d&apos;or / texte des frères Grimm. La petite fille aux allumettes / texte de Christian Andersen. La légende d&apos;Ichilok, le quatrième roi mage / texte d&apos;Anne Dorville. La légende du bonhomme l&apos;Année / texte d&apos; Anne Dorville. La véritable histoire du père Noël / texte de Colette Seigue. La légende des treize poussins / texte d&apos;Anne Dorville. Scouarn le breton / texte d&apos;Anne Dorville. La légende de la Befana / texte d&apos;Anne Dorville. La chatte de Dovre / texte de Chrisen Asbjornsen et Jorgen Moe. Vive le vent, Mon beau sapin, La marche des rois : chansons traditionnelles. Petit papa Noël / texte de Raymond Vincy. Bonhomme Hiver : chanson traditionnelle. Est-ce toi père Noël ? / poème de Pierre Coran. La neige tombe / poème de Jean Richepin. Il a neigé / poème de Maurice Carême. Le matin des étrennes / poème d&apos;Arthur Rimbaud. Voici Noël / poème de Pierre Gamarra</subfield>
  </datafield>
  <datafield tag="520" ind1="8" ind2=" ">
    <subfield code="a">Des grands contes traditionnels d&apos;Andersen et des frères Grimm aux vers d&apos;Arthur Rimbaud, des chansons fredonnées en famille sous le sapin aux légendes du monde... Dans ce recueil sont réunis les plus beaux textes qui font de Noël une fête éternelle.?Pour célèbrer au fil des mots toute la magie de l&apos;enfance...</subfield>
    <subfield code="9">vdecha/05.2012</subfield>
  </datafield>
  <datafield tag="520" ind1="8" ind2=" ">
    <subfield code="a">Des grands contes traditionnels d&apos;Andersen et des frères Grimm aux vers d&apos;Arthur Rimbaud, des chansons fredonnées en famillesous le sapin aux légendes du monde...Pour célèbrer au fil des mots toute la magie de l&apos;enfance...</subfield>
    <subfield code="9">vdesep/06.2015</subfield>
  </datafield>
</record>