
<record>
  <leader>00354nam a22001092a 4500</leader>
  <controlfield tag="008">110218s2001    fr ||| |  ||||00|  |fre d</controlfield>
  <datafield tag="020" ind1=" " ind2=" ">
    <subfield code="a">9782213611365</subfield>
  </datafield>
  <datafield tag="035" ind1=" " ind2=" ">
    <subfield code="a">R006032528</subfield>
  </datafield>
  <datafield tag="100" ind1="1" ind2=" ">
    <subfield code="0">(RERO)A000129446</subfield>
    <subfield code="a">Perrault, Gilles</subfield>
    <subfield code="4">cre</subfield>
  </datafield>
  <datafield tag="245" ind1="1" ind2="4">
    <subfield code="a">Les vacances de l&apos;oberleutnant von La Rochelle :</subfield>
    <subfield code="b">roman /</subfield>
    <subfield code="c">Gilles Perrault</subfield>
  </datafield>
  <datafield tag="264" ind1=" " ind2="1">
    <subfield code="a">Paris :</subfield>
    <subfield code="b">Fayard,</subfield>
    <subfield code="c">2001</subfield>
  </datafield>
  <datafield tag="300" ind1=" " ind2=" ">
    <subfield code="a">284 p. ;</subfield>
    <subfield code="c">22 cm</subfield>
  </datafield>
</record>