
<record>
  <leader>00596nas a2200133 a 4500</leader>
  <controlfield tag="008">910521d19649999sp |||p|| ||||0 || 0spa d</controlfield>
  <datafield tag="035" ind1=" " ind2=" ">
    <subfield code="a">1379052</subfield>
  </datafield>
  <datafield tag="245" ind1="0" ind2="0">
    <subfield code="a">Trabajos de la Estación Agrícola Experimental de León, Consejo Superior de Investigaciones Científicas, Diputación Provincial de León</subfield>
  </datafield>
  <datafield tag="264" ind1=" " ind2="1">
    <subfield code="a">León :</subfield>
    <subfield code="b">Estación Agrícola Experimental,</subfield>
    <subfield code="c">1964-&gt;</subfield>
  </datafield>
  <datafield tag="300" ind1=" " ind2=" ">
    <subfield code="c">25 cm</subfield>
  </datafield>
  <datafield tag="650" ind1=" " ind2="7">
    <subfield code="0">(RERO)A021059962</subfield>
    <subfield code="a">Agronomie</subfield>
    <subfield code="2">rero</subfield>
  </datafield>
  <datafield tag="650" ind1=" " ind2="7">
    <subfield code="0">(RERO)A010138852</subfield>
    <subfield code="a">recherche expérimentale</subfield>
    <subfield code="2">rerovoc</subfield>
  </datafield>
  <datafield tag="655" ind1=" " ind2="7">
    <subfield code="0">(RERO)A021002597</subfield>
    <subfield code="a">[Périodiques]</subfield>
    <subfield code="2">rero</subfield>
  </datafield>
  <datafield tag="710" ind1="2" ind2=" ">
    <subfield code="0">(RERO)A000058413</subfield>
    <subfield code="a">Estación Agrícola Experimental (León)</subfield>
  </datafield>
</record>