
<record>
  <leader>00844nam a2200181 a 4500</leader>
  <controlfield tag="008">000918s2000    fr |||||| ||||00|  |fre d</controlfield>
  <datafield tag="020" ind1=" " ind2=" ">
    <subfield code="a">9782258053212</subfield>
  </datafield>
  <datafield tag="035" ind1=" " ind2=" ">
    <subfield code="a">R269462860</subfield>
  </datafield>
  <datafield tag="041" ind1="1" ind2=" ">
    <subfield code="a">fre</subfield>
    <subfield code="h">eng</subfield>
  </datafield>
  <datafield tag="100" ind1="1" ind2=" ">
    <subfield code="0">(RERO)A003043555</subfield>
    <subfield code="a">Brin, David</subfield>
    <subfield code="4">cre</subfield>
  </datafield>
  <datafield tag="245" ind1="1" ind2="3">
    <subfield code="a">Le triomphe de Fondation /</subfield>
    <subfield code="c">David Brin ; trad. de Dominique Haas ; [d&apos;après l&apos;oeuvre de Isaac Asimov]</subfield>
  </datafield>
  <datafield tag="264" ind1=" " ind2="1">
    <subfield code="a">[Paris] :</subfield>
    <subfield code="b">Presses de la Cité,</subfield>
    <subfield code="c">2000</subfield>
  </datafield>
  <datafield tag="300" ind1=" " ind2=" ">
    <subfield code="a">448 p. ;</subfield>
    <subfield code="c">23 cm</subfield>
  </datafield>
  <datafield tag="490" ind1="1" ind2=" ">
    <subfield code="a">Roman</subfield>
  </datafield>
  <datafield tag="500" ind1=" " ind2=" ">
    <subfield code="a">Traduit de: Foundation&apos;s triumph</subfield>
  </datafield>
  <datafield tag="500" ind1=" " ind2=" ">
    <subfield code="a">Troisième vol. d&apos;une trilogie inspirée par le Cycle de Fondation d&apos;Isaac Asimov; le premier vol., &quot;Fondation en péril&quot;, est dû à Gregory Benford ; le deuxième vol., &quot;Fondation et chaos&quot;, est dû à Greg Bear</subfield>
  </datafield>
  <datafield tag="520" ind1="8" ind2=" ">
    <subfield code="a">Roman de science-fiction (space opera)</subfield>
    <subfield code="9">necfbv/05.2000/3521</subfield>
  </datafield>
  <datafield tag="700" ind1="1" ind2=" ">
    <subfield code="0">(RERO)A003337301</subfield>
    <subfield code="a">Haas, Dominique</subfield>
  </datafield>
</record>