
<record>
  <leader>00556nam a2200133 a 4500</leader>
  <controlfield tag="008">910812s1991    fi |||||| ||||00|| |fre d</controlfield>
  <datafield tag="020" ind1=" " ind2=" ">
    <subfield code="a">9789514106415</subfield>
  </datafield>
  <datafield tag="035" ind1=" " ind2=" ">
    <subfield code="a">1414106</subfield>
  </datafield>
  <datafield tag="100" ind1="0" ind2=" ">
    <subfield code="0">(RERO)A000110417</subfield>
    <subfield code="a">Marguerite,</subfield>
    <subfield code="c">d&apos;Angoulême, reine de Navarre,</subfield>
    <subfield code="d">1492-1549</subfield>
    <subfield code="4">cre</subfield>
  </datafield>
  <datafield tag="245" ind1="1" ind2="0">
    <subfield code="a">Heptaméron /</subfield>
    <subfield code="c">Marguerite de Navarre.</subfield>
    <subfield code="n">1,</subfield>
    <subfield code="p">Texte</subfield>
  </datafield>
  <datafield tag="264" ind1=" " ind2="1">
    <subfield code="a">Helsinki :</subfield>
    <subfield code="b">Suomalaisen Tiedeakatemia,</subfield>
    <subfield code="c">1991</subfield>
  </datafield>
  <datafield tag="300" ind1=" " ind2=" ">
    <subfield code="a">XXIV, 338 p. ;</subfield>
    <subfield code="c">25 cm</subfield>
  </datafield>
  <datafield tag="490" ind1="1" ind2=" ">
    <subfield code="a">Annales Academiae scientiarum Fennicae. Sarja B</subfield>
    <subfield code="v">258</subfield>
  </datafield>
  <datafield tag="700" ind1="0" ind2="2">
    <subfield code="a">Marguerite,</subfield>
    <subfield code="c">d&apos;Angoulême, reine de Navarre,</subfield>
    <subfield code="d">1492-1549. -</subfield>
    <subfield code="t">L&apos;heptaméron</subfield>
    <subfield code="v">1</subfield>
  </datafield>
</record>