
<record>
  <leader>00459nam a2200133 a 4500</leader>
  <controlfield tag="008">860826s1980    gw |||||| ||||00|| |ger d</controlfield>
  <datafield tag="020" ind1=" " ind2=" ">
    <subfield code="a">9783597102111</subfield>
  </datafield>
  <datafield tag="035" ind1=" " ind2=" ">
    <subfield code="a">0745225</subfield>
  </datafield>
  <datafield tag="100" ind1="1" ind2=" ">
    <subfield code="0">(RERO)A003337446</subfield>
    <subfield code="a">Haas, Peter</subfield>
    <subfield code="4">cre</subfield>
  </datafield>
  <datafield tag="245" ind1="1" ind2="0">
    <subfield code="a">Kritik der Weltmodelle :</subfield>
    <subfield code="b">philosophische Aspekte globaler Modellierungen /</subfield>
    <subfield code="c">Peter Haas</subfield>
  </datafield>
  <datafield tag="264" ind1=" " ind2="1">
    <subfield code="a">München :</subfield>
    <subfield code="b">Minerva,</subfield>
    <subfield code="c">[1980]</subfield>
  </datafield>
  <datafield tag="264" ind1=" " ind2="4">
    <subfield code="c">© 1980</subfield>
  </datafield>
  <datafield tag="300" ind1=" " ind2=" ">
    <subfield code="a">XV, 249 p. ;</subfield>
    <subfield code="c">21 cm</subfield>
  </datafield>
  <datafield tag="490" ind1="1" ind2=" ">
    <subfield code="a">Beiträge des Instituts für Zukunftsforschung</subfield>
    <subfield code="v">12</subfield>
  </datafield>
</record>