
<record>
  <leader>00494naa a2200133 a 4500</leader>
  <controlfield tag="008">010501s1944    sz ||| |  ||||00|  |fre d</controlfield>
  <datafield tag="035" ind1=" " ind2=" ">
    <subfield code="a">R003031628</subfield>
  </datafield>
  <datafield tag="041" ind1="1" ind2=" ">
    <subfield code="a">fre</subfield>
  </datafield>
  <datafield tag="100" ind1="1" ind2=" ">
    <subfield code="0">(RERO)A003202118</subfield>
    <subfield code="a">Dybowski, Janusz Teodor</subfield>
    <subfield code="4">cre</subfield>
  </datafield>
  <datafield tag="245" ind1="1" ind2="0">
    <subfield code="a">De ce coté et de l&apos;autre :</subfield>
    <subfield code="b">pièce en trois actes /</subfield>
    <subfield code="c">Janusz Dybowski ; trad. du pol. par Reymond Przemyska</subfield>
  </datafield>
  <datafield tag="264" ind1=" " ind2="1">
    <subfield code="a">Fribourg :</subfield>
    <subfield code="b">[éditeur non identifié],</subfield>
    <subfield code="c">1944</subfield>
  </datafield>
  <datafield tag="300" ind1=" " ind2=" ">
    <subfield code="a">52 p. ;</subfield>
    <subfield code="c">30 cm</subfield>
  </datafield>
  <datafield tag="500" ind1=" " ind2=" ">
    <subfield code="a">Ex. tapuscrit</subfield>
  </datafield>
  <datafield tag="700" ind1="1" ind2=" ">
    <subfield code="0">(RERO)A005637727</subfield>
    <subfield code="a">Reymond-Przemyska, Julie</subfield>
  </datafield>
</record>