
<record>
  <leader>00781nam a2200193 a 4500</leader>
  <controlfield tag="008">000922s1981    xxu|||||| ||||00|  |eng d</controlfield>
  <datafield tag="020" ind1=" " ind2=" ">
    <subfield code="a">9780398045463</subfield>
  </datafield>
  <datafield tag="035" ind1=" " ind2=" ">
    <subfield code="a">R270042160</subfield>
  </datafield>
  <datafield tag="100" ind1="1" ind2=" ">
    <subfield code="0">(RERO)A006039544</subfield>
    <subfield code="a">Moxley, David</subfield>
    <subfield code="4">cre</subfield>
  </datafield>
  <datafield tag="245" ind1="1" ind2="0">
    <subfield code="a">Socialization games for mentally retarded adolescents and adults /</subfield>
    <subfield code="c">by David Moxley, Nevalyn Nevil, Barbara Edmonson</subfield>
  </datafield>
  <datafield tag="264" ind1=" " ind2="1">
    <subfield code="a">Springfield Ill :</subfield>
    <subfield code="b">C.C. Thomas,</subfield>
    <subfield code="c">[1981]</subfield>
  </datafield>
  <datafield tag="264" ind1=" " ind2="4">
    <subfield code="c">© 1981</subfield>
  </datafield>
  <datafield tag="300" ind1=" " ind2=" ">
    <subfield code="a">118 p. :</subfield>
    <subfield code="b">ill. ;</subfield>
    <subfield code="c">23 cm</subfield>
  </datafield>
  <datafield tag="650" ind1=" " ind2="7">
    <subfield code="0">(RERO)A021100437</subfield>
    <subfield code="a">Jeu</subfield>
    <subfield code="2">rero</subfield>
  </datafield>
  <datafield tag="650" ind1=" " ind2="7">
    <subfield code="0">(RERO)A021002748</subfield>
    <subfield code="a">Socialisation</subfield>
    <subfield code="2">rero</subfield>
  </datafield>
  <datafield tag="650" ind1=" " ind2="7">
    <subfield code="0">(RERO)A009954045</subfield>
    <subfield code="a">adulte handicapé mental</subfield>
    <subfield code="2">rerovoc</subfield>
  </datafield>
  <datafield tag="650" ind1=" " ind2="7">
    <subfield code="0">(RERO)A021089101</subfield>
    <subfield code="a">Adolescents handicapés mentaux</subfield>
    <subfield code="2">rero</subfield>
  </datafield>
  <datafield tag="700" ind1="1" ind2=" ">
    <subfield code="0">(RERO)A006039548</subfield>
    <subfield code="a">Nevil, Nevalyn</subfield>
  </datafield>
  <datafield tag="700" ind1="1" ind2=" ">
    <subfield code="0">(RERO)A006039549</subfield>
    <subfield code="a">Edmonson, Barbara</subfield>
  </datafield>
</record>