
<record>
  <leader>00515nam a22001452a 4500</leader>
  <controlfield tag="008">110218s1983    xx ||| |  ||||00|  |fre d</controlfield>
  <datafield tag="020" ind1=" " ind2=" ">
    <subfield code="a">9780983215004</subfield>
  </datafield>
  <datafield tag="035" ind1=" " ind2=" ">
    <subfield code="a">R006029022</subfield>
  </datafield>
  <datafield tag="100" ind1="0" ind2=" ">
    <subfield code="0">(RERO)A003688220</subfield>
    <subfield code="a">Peyo</subfield>
    <subfield code="4">cre</subfield>
  </datafield>
  <datafield tag="245" ind1="1" ind2="3">
    <subfield code="a">La schtroumpfette ;</subfield>
    <subfield code="b">La faim des schtroumpfs /</subfield>
    <subfield code="c">Peyo, Yvan Delporte</subfield>
  </datafield>
  <datafield tag="264" ind1=" " ind2="1">
    <subfield code="a">Marcinelle-Charleroi :</subfield>
    <subfield code="b">Dupuis,</subfield>
    <subfield code="c">1983</subfield>
  </datafield>
  <datafield tag="300" ind1=" " ind2=" ">
    <subfield code="a">62 p. ;</subfield>
    <subfield code="c">30 cm</subfield>
  </datafield>
  <datafield tag="490" ind1="0" ind2=" ">
    <subfield code="a">Les schtroumpfs / Peyo, Yvan Delporte</subfield>
    <subfield code="v">3</subfield>
  </datafield>
  <datafield tag="655" ind1=" " ind2="7">
    <subfield code="0">(RERO)A021001131</subfield>
    <subfield code="a">[Bandes dessinées]</subfield>
    <subfield code="2">rero</subfield>
  </datafield>
  <datafield tag="700" ind1="1" ind2=" ">
    <subfield code="0">(RERO)A003167669</subfield>
    <subfield code="a">Delporte, Yvan</subfield>
  </datafield>
</record>