
<record>
  <leader>00445nam a2200121 a 4500</leader>
  <controlfield tag="008">960525s1971    gw |||||| ||||00|| |ger d</controlfield>
  <datafield tag="020" ind1=" " ind2=" ">
    <subfield code="a">9783452173744</subfield>
  </datafield>
  <datafield tag="035" ind1=" " ind2=" ">
    <subfield code="a">0417274</subfield>
  </datafield>
  <datafield tag="100" ind1="1" ind2=" ">
    <subfield code="0">(RERO)A003793801</subfield>
    <subfield code="a">Scheibe, Johannes</subfield>
    <subfield code="4">cre</subfield>
  </datafield>
  <datafield tag="245" ind1="1" ind2="4">
    <subfield code="a">Das Reisegewerbe nach Titel III der Gewerbeordnung /</subfield>
    <subfield code="c">von Johannes Scheibe, Bernhard Hadel</subfield>
  </datafield>
  <datafield tag="264" ind1=" " ind2="1">
    <subfield code="a">Köln ;</subfield>
    <subfield code="a">Berlin [etc.] :</subfield>
    <subfield code="b">C. Heymann,</subfield>
    <subfield code="c">1971</subfield>
  </datafield>
  <datafield tag="300" ind1=" " ind2=" ">
    <subfield code="a">XIII, 150 p. ;</subfield>
    <subfield code="c">21 cm</subfield>
  </datafield>
  <datafield tag="700" ind1="1" ind2=" ">
    <subfield code="0">(RERO)A003338520</subfield>
    <subfield code="a">Hadel, Bernhard</subfield>
  </datafield>
</record>