
<record>
  <leader>00402naa a22000977a 4500</leader>
  <controlfield tag="008">010511s2000    sz ||| |  ||||00|  |eng d</controlfield>
  <datafield tag="035" ind1=" " ind2=" ">
    <subfield code="a">R003481420</subfield>
  </datafield>
  <datafield tag="100" ind1="1" ind2=" ">
    <subfield code="0">(RERO)A011575301</subfield>
    <subfield code="a">Schneider, Fritz Christian</subfield>
    <subfield code="4">cre</subfield>
  </datafield>
  <datafield tag="245" ind1="1" ind2="0">
    <subfield code="a">Healing in the local church :</subfield>
    <subfield code="b">Oekolampad Basle, Switzerland /</subfield>
    <subfield code="c">Fritz Christian Schneider</subfield>
  </datafield>
  <datafield tag="264" ind1=" " ind2="1">
    <subfield code="c">2001</subfield>
  </datafield>
  <datafield tag="773" ind1="1" ind2=" ">
    <subfield code="t">International review of mission</subfield>
    <subfield code="g">vol. 90, nos 356/357, January/April 2001, pp. 137-139</subfield>
  </datafield>
</record>