
<record>
  <leader>00712nam a2200169 a 4500</leader>
  <controlfield tag="008">000915s1998    xxk|||||| ||||00|  |eng d</controlfield>
  <datafield tag="020" ind1=" " ind2=" ">
    <subfield code="a">9780521277730</subfield>
  </datafield>
  <datafield tag="035" ind1=" " ind2=" ">
    <subfield code="a">R267762660</subfield>
  </datafield>
  <datafield tag="100" ind1="1" ind2=" ">
    <subfield code="0">(RERO)A003748060</subfield>
    <subfield code="a">Rinvolucri, Mario</subfield>
    <subfield code="4">cre</subfield>
  </datafield>
  <datafield tag="245" ind1="1" ind2="0">
    <subfield code="a">Grammar games :</subfield>
    <subfield code="b">cognitive, affective and drama activities for EFL students /</subfield>
    <subfield code="c">Mario Rinvolucri</subfield>
  </datafield>
  <datafield tag="264" ind1=" " ind2="1">
    <subfield code="a">Cambridge [etc.] :</subfield>
    <subfield code="b">Cambridge University Press,</subfield>
    <subfield code="c">1998</subfield>
  </datafield>
  <datafield tag="300" ind1=" " ind2=" ">
    <subfield code="a">VI, 138 p. :</subfield>
    <subfield code="b">ill. ;</subfield>
    <subfield code="c">25 cm</subfield>
  </datafield>
  <datafield tag="650" ind1=" " ind2="7">
    <subfield code="0">(RERO)A021100104</subfield>
    <subfield code="a">Grammaire</subfield>
    <subfield code="2">rero</subfield>
  </datafield>
  <datafield tag="650" ind1=" " ind2="7">
    <subfield code="0">(RERO)A021102353</subfield>
    <subfield code="a">Anglais (langue)</subfield>
    <subfield code="2">rero</subfield>
  </datafield>
  <datafield tag="650" ind1=" " ind2="7">
    <subfield code="0">(RERO)A021017034</subfield>
    <subfield code="a">Étude et enseignement</subfield>
    <subfield code="2">rero</subfield>
  </datafield>
  <datafield tag="650" ind1=" " ind2="7">
    <subfield code="0">(RERO)A021100982</subfield>
    <subfield code="a">Langues vivantes</subfield>
    <subfield code="2">rero</subfield>
  </datafield>
  <datafield tag="655" ind1=" " ind2="7">
    <subfield code="0">(RERO)A021106236</subfield>
    <subfield code="a">[Problèmes et exercices]</subfield>
    <subfield code="2">rero</subfield>
  </datafield>
</record>