
<record>
  <leader>00968nam a2200181 a 4500</leader>
  <controlfield tag="008">020701s2000    it |||||| ||||00|| |ita d</controlfield>
  <datafield tag="020" ind1=" " ind2=" ">
    <subfield code="a">9788886599412</subfield>
  </datafield>
  <datafield tag="035" ind1=" " ind2=" ">
    <subfield code="a">R003211220</subfield>
  </datafield>
  <datafield tag="100" ind1="1" ind2=" ">
    <subfield code="0">(RERO)A008858955</subfield>
    <subfield code="a">Ciranna, Simonetta</subfield>
    <subfield code="4">cre</subfield>
  </datafield>
  <datafield tag="245" ind1="1" ind2="0">
    <subfield code="a">&quot;Spolia&quot; e caratteristiche del reimpiego nella Basilica di San Lorenzo fuori le mura a Roma /</subfield>
    <subfield code="c">Simonetta Ciranna. Restauro e &quot;spolia&quot; / di Paolo Fancelli</subfield>
  </datafield>
  <datafield tag="264" ind1=" " ind2="1">
    <subfield code="a">[Roma] :</subfield>
    <subfield code="b">Ed. Libr. Dedalo,</subfield>
    <subfield code="c">[2000]</subfield>
  </datafield>
  <datafield tag="264" ind1=" " ind2="4">
    <subfield code="c">© 2000</subfield>
  </datafield>
  <datafield tag="300" ind1=" " ind2=" ">
    <subfield code="a">171 p. :</subfield>
    <subfield code="b">ill. ;</subfield>
    <subfield code="c">24 cm</subfield>
  </datafield>
  <datafield tag="500" ind1=" " ind2=" ">
    <subfield code="a">La couv. et la page de garde portent en plus: Università degli Studi di Roma &quot;La Sapienza&quot;, Dipartimento di storia dell&apos;architettura, restauro e conservazione dei beni architettonici</subfield>
  </datafield>
  <datafield tag="650" ind1=" " ind2="7">
    <subfield code="0">(RERO)A010198499</subfield>
    <subfield code="a">remploi (architecture)</subfield>
    <subfield code="2">rerovoc</subfield>
  </datafield>
  <datafield tag="650" ind1=" " ind2="7">
    <subfield code="0">(RERO)A009950803</subfield>
    <subfield code="a">paléochrétien</subfield>
    <subfield code="2">rerovoc</subfield>
  </datafield>
  <datafield tag="651" ind1=" " ind2="7">
    <subfield code="0">(RERO)A010025271</subfield>
    <subfield code="a">Rome (Italie, ville) - San Lorenzo fuori le Mura</subfield>
    <subfield code="2">rero</subfield>
  </datafield>
  <datafield tag="700" ind1="1" ind2="2">
    <subfield code="0">(RERO)A003230707</subfield>
    <subfield code="a">Fancelli, Paolo. -</subfield>
    <subfield code="t">Restauro e &quot;spolia&quot;</subfield>
  </datafield>
</record>