
<record>
  <leader>01006nam a2200193 a 4500</leader>
  <controlfield tag="008">860708s1985    gw |||||| ||||00|| |ger d</controlfield>
  <datafield tag="020" ind1=" " ind2=" ">
    <subfield code="a">9783924859053</subfield>
  </datafield>
  <datafield tag="035" ind1=" " ind2=" ">
    <subfield code="a">0729777</subfield>
  </datafield>
  <datafield tag="100" ind1="1" ind2=" ">
    <subfield code="0">(RERO)A003462209</subfield>
    <subfield code="a">Knoepfel, Peter</subfield>
    <subfield code="4">cre</subfield>
  </datafield>
  <datafield tag="245" ind1="1" ind2="0">
    <subfield code="a">Luftreinhaltepolitik (stationäre Quellen) im internationalen Vergleich /</subfield>
    <subfield code="c">Peter Knoepfel, Helmut Weidner ; [Internationales Institut für Umwelt und Gesellschaft].</subfield>
    <subfield code="n">Bd. 1,</subfield>
    <subfield code="p">Methodik und Ergebnisse :</subfield>
    <subfield code="b">Bundesrepublik Deutschland, England, Frankreich, Italien, Niederlande</subfield>
  </datafield>
  <datafield tag="264" ind1=" " ind2="1">
    <subfield code="a">Berlin :</subfield>
    <subfield code="b">Ed. Sigma,</subfield>
    <subfield code="c">1985</subfield>
  </datafield>
  <datafield tag="300" ind1=" " ind2=" ">
    <subfield code="a">341 p. :</subfield>
    <subfield code="b">ill. ;</subfield>
    <subfield code="c">27 cm</subfield>
  </datafield>
  <datafield tag="650" ind1=" " ind2="7">
    <subfield code="0">(RERO)A010210583</subfield>
    <subfield code="a">lutte contre la pollution atmosphérique</subfield>
    <subfield code="2">rerovoc</subfield>
  </datafield>
  <datafield tag="650" ind1=" " ind2="7">
    <subfield code="0">(RERO)A010134130</subfield>
    <subfield code="a">politique publique comparée</subfield>
    <subfield code="2">rerovoc</subfield>
  </datafield>
  <datafield tag="650" ind1=" " ind2="7">
    <subfield code="0">(RERO)A010020101</subfield>
    <subfield code="a">pollution atmosphérique</subfield>
    <subfield code="2">rerovoc</subfield>
  </datafield>
  <datafield tag="650" ind1=" " ind2="7">
    <subfield code="0">(RERO)A021062725</subfield>
    <subfield code="a">Droit international</subfield>
    <subfield code="2">rero</subfield>
  </datafield>
  <datafield tag="650" ind1=" " ind2="7">
    <subfield code="0">(RERO)A021099995</subfield>
    <subfield code="a">Droit comparé</subfield>
    <subfield code="2">rero</subfield>
  </datafield>
  <datafield tag="651" ind1=" " ind2="7">
    <subfield code="0">(RERO)A009975209</subfield>
    <subfield code="a">Europe occidentale</subfield>
    <subfield code="2">rero</subfield>
  </datafield>
  <datafield tag="700" ind1="1" ind2=" ">
    <subfield code="0">(RERO)A003963644</subfield>
    <subfield code="a">Weidner, Helmut</subfield>
  </datafield>
</record>