
<record>
  <leader>00596nam a2200157 a 4500</leader>
  <controlfield tag="008">881221s1986    it |||||| ||||00|| |ita d</controlfield>
  <datafield tag="020" ind1=" " ind2=" ">
    <subfield code="a">9788810501511</subfield>
  </datafield>
  <datafield tag="035" ind1=" " ind2=" ">
    <subfield code="a">1058077</subfield>
  </datafield>
  <datafield tag="100" ind1="1" ind2=" ">
    <subfield code="0">(RERO)A003258608</subfield>
    <subfield code="a">Franchini, Enzo</subfield>
    <subfield code="4">cre</subfield>
  </datafield>
  <datafield tag="245" ind1="1" ind2="3">
    <subfield code="a">Il rinnovamento della pastorale :</subfield>
    <subfield code="b">guida alla lettura della pastorale CEI 1970-1985 /</subfield>
    <subfield code="c">Enzo Franchini</subfield>
  </datafield>
  <datafield tag="264" ind1=" " ind2="1">
    <subfield code="a">Bologna :</subfield>
    <subfield code="b">Ed. Dehoniane,</subfield>
    <subfield code="c">1986</subfield>
  </datafield>
  <datafield tag="300" ind1=" " ind2=" ">
    <subfield code="a">156 p. ;</subfield>
    <subfield code="c">19 cm</subfield>
  </datafield>
  <datafield tag="490" ind1="1" ind2=" ">
    <subfield code="a">Cammini di chiesa</subfield>
    <subfield code="v">1</subfield>
  </datafield>
  <datafield tag="610" ind1="2" ind2="7">
    <subfield code="0">(RERO)A009978540</subfield>
    <subfield code="a">Conferenza episcopale italiana (Italie)</subfield>
    <subfield code="2">rero</subfield>
  </datafield>
  <datafield tag="650" ind1=" " ind2="7">
    <subfield code="a">1970-1985</subfield>
    <subfield code="2">rero</subfield>
  </datafield>
  <datafield tag="650" ind1=" " ind2="7">
    <subfield code="0">(RERO)A021056723</subfield>
    <subfield code="a">Pastorale (religion)</subfield>
    <subfield code="2">rero</subfield>
  </datafield>
</record>