
<record>
  <leader>00616nam a2200145 a 4500</leader>
  <controlfield tag="008">860910s1984    gw |||||| ||||00|| |ger d</controlfield>
  <datafield tag="020" ind1=" " ind2=" ">
    <subfield code="a">9783534090228</subfield>
  </datafield>
  <datafield tag="035" ind1=" " ind2=" ">
    <subfield code="a">0751171</subfield>
  </datafield>
  <datafield tag="100" ind1="1" ind2=" ">
    <subfield code="0">(RERO)A003468189</subfield>
    <subfield code="a">Kopper, Joachim</subfield>
    <subfield code="4">cre</subfield>
  </datafield>
  <datafield tag="245" ind1="1" ind2="4">
    <subfield code="a">Die Stellung der &quot;Kritik der reinen Vernunft&quot; in der neueren Philosophie /</subfield>
    <subfield code="c">Joachim Kopper</subfield>
  </datafield>
  <datafield tag="264" ind1=" " ind2="1">
    <subfield code="a">Darmstadt :</subfield>
    <subfield code="b">Wissenschaftliche Buchgesellschaft,</subfield>
    <subfield code="c">1984</subfield>
  </datafield>
  <datafield tag="300" ind1=" " ind2=" ">
    <subfield code="a">IX, 180 S. ;</subfield>
    <subfield code="c">22 cm</subfield>
  </datafield>
  <datafield tag="600" ind1="1" ind2="7">
    <subfield code="0">(RERO)A010102533</subfield>
    <subfield code="a">Kant, Immanuel.</subfield>
    <subfield code="t">&quot;Kritik der reinen Vernunft&quot;</subfield>
    <subfield code="2">rero</subfield>
  </datafield>
  <datafield tag="650" ind1=" " ind2="7">
    <subfield code="0">(RERO)A022459185</subfield>
    <subfield code="a">19e siècle-20e siècle</subfield>
    <subfield code="2">rero</subfield>
  </datafield>
  <datafield tag="650" ind1=" " ind2="7">
    <subfield code="0">(RERO)A025582693</subfield>
    <subfield code="a">Philosophie européenne</subfield>
    <subfield code="2">rero</subfield>
  </datafield>
</record>