
<record>
  <leader>00498nam a2200133 a 4500</leader>
  <controlfield tag="008">881215s1982    it |||||| ||||00|| |ita d</controlfield>
  <datafield tag="020" ind1=" " ind2=" ">
    <subfield code="a">9788885066052</subfield>
  </datafield>
  <datafield tag="035" ind1=" " ind2=" ">
    <subfield code="a">1055492</subfield>
  </datafield>
  <datafield tag="100" ind1="1" ind2=" ">
    <subfield code="0">(RERO)A003704207</subfield>
    <subfield code="a">Ponente, Nello</subfield>
    <subfield code="4">cre</subfield>
  </datafield>
  <datafield tag="245" ind1="1" ind2="2">
    <subfield code="a">I disegni italiani dell&apos;Ottocento /</subfield>
    <subfield code="c">Nello Ponente, Pasqualina Spadini</subfield>
  </datafield>
  <datafield tag="264" ind1=" " ind2="1">
    <subfield code="a">Treviso :</subfield>
    <subfield code="b">Libreria ed. Canova,</subfield>
    <subfield code="c">1982</subfield>
  </datafield>
  <datafield tag="300" ind1=" " ind2=" ">
    <subfield code="a">LXVI, [134], 161 p. :</subfield>
    <subfield code="b">ill. ;</subfield>
    <subfield code="c">28 cm</subfield>
  </datafield>
  <datafield tag="490" ind1="1" ind2=" ">
    <subfield code="a">Il disegno italiano. Serie sodalizio del libro</subfield>
  </datafield>
  <datafield tag="700" ind1="1" ind2=" ">
    <subfield code="0">(RERO)A003851306</subfield>
    <subfield code="a">Spadini, Pasqualina</subfield>
  </datafield>
</record>