
<record>
  <leader>00348naa a22000977a 4500</leader>
  <controlfield tag="008">980412s1984    xx ||| |  ||||00|  0eng d</controlfield>
  <datafield tag="035" ind1=" " ind2=" ">
    <subfield code="a">R003444421</subfield>
  </datafield>
  <datafield tag="100" ind1="1" ind2=" ">
    <subfield code="0">(RERO)A003455131</subfield>
    <subfield code="a">Kinnamon, Michael</subfield>
    <subfield code="4">cre</subfield>
  </datafield>
  <datafield tag="245" ind1="1" ind2="0">
    <subfield code="a">Growing together towards the unity of the Church /</subfield>
    <subfield code="c">Michael K. Kinnamon</subfield>
  </datafield>
  <datafield tag="264" ind1=" " ind2="1">
    <subfield code="c">1984</subfield>
  </datafield>
  <datafield tag="773" ind1="1" ind2=" ">
    <subfield code="t">Mid-stream : an ecumenical journal</subfield>
    <subfield code="g">v. 23 (1984) p. 189-200</subfield>
  </datafield>
</record>