
<record>
  <leader>00415nam a22001212a 4500</leader>
  <controlfield tag="008">110218s1992    fr ||| |  ||||00|  |fre d</controlfield>
  <datafield tag="020" ind1=" " ind2=" ">
    <subfield code="a">9782010196539</subfield>
  </datafield>
  <datafield tag="035" ind1=" " ind2=" ">
    <subfield code="a">R006027724</subfield>
  </datafield>
  <datafield tag="100" ind1="1" ind2=" ">
    <subfield code="0">(RERO)A005669056</subfield>
    <subfield code="a">Toubeau, Yvette</subfield>
    <subfield code="4">cre</subfield>
  </datafield>
  <datafield tag="245" ind1="1" ind2="3">
    <subfield code="a">Un Père Noël, s&apos;il vous plaît ! /</subfield>
    <subfield code="c">Yvette Toubeau, Mette Ivers</subfield>
  </datafield>
  <datafield tag="264" ind1=" " ind2="1">
    <subfield code="a">Paris :</subfield>
    <subfield code="b">Gautier-Languereau,</subfield>
    <subfield code="c">1992</subfield>
  </datafield>
  <datafield tag="300" ind1=" " ind2=" ">
    <subfield code="a">[Non pag.] :</subfield>
    <subfield code="b">ill. ;</subfield>
    <subfield code="c">22 cm</subfield>
  </datafield>
  <datafield tag="700" ind1="1" ind2=" ">
    <subfield code="0">(RERO)A003414368</subfield>
    <subfield code="a">Ivers, Mette</subfield>
  </datafield>
</record>