
<record>
  <leader>00431nam a2200145 a 4500</leader>
  <controlfield tag="008">110218s1993    fr ||| |  ||||00|  |fre d</controlfield>
  <datafield tag="020" ind1=" " ind2=" ">
    <subfield code="a">9782277230373</subfield>
  </datafield>
  <datafield tag="035" ind1=" " ind2=" ">
    <subfield code="a">R006028924</subfield>
  </datafield>
  <datafield tag="041" ind1="1" ind2=" ">
    <subfield code="a">fre</subfield>
    <subfield code="h">eng</subfield>
  </datafield>
  <datafield tag="100" ind1="1" ind2=" ">
    <subfield code="0">(RERO)A000098356</subfield>
    <subfield code="a">King, Stephen</subfield>
    <subfield code="4">cre</subfield>
  </datafield>
  <datafield tag="245" ind1="1" ind2="4">
    <subfield code="a">Les trois cartes /</subfield>
    <subfield code="c">Stephen King</subfield>
  </datafield>
  <datafield tag="264" ind1=" " ind2="1">
    <subfield code="a">Paris :</subfield>
    <subfield code="b">J&apos;ai lu,</subfield>
    <subfield code="c">1993</subfield>
  </datafield>
  <datafield tag="300" ind1=" " ind2=" ">
    <subfield code="a">498 p. ;</subfield>
    <subfield code="c">17 cm</subfield>
  </datafield>
  <datafield tag="490" ind1="1" ind2=" ">
    <subfield code="a">J&apos;ai lu. Science-fiction</subfield>
    <subfield code="v">3037</subfield>
  </datafield>
  <datafield tag="490" ind1="1" ind2=" ">
    <subfield code="a">La tour sombre / Stephen King</subfield>
    <subfield code="v">2</subfield>
  </datafield>
</record>