
<record>
  <leader>00624nam a2200157 a 4500</leader>
  <controlfield tag="008">000912s1997    sw ||| |  ||||00|  |eng d</controlfield>
  <datafield tag="020" ind1=" " ind2=" ">
    <subfield code="a">9789514578571</subfield>
  </datafield>
  <datafield tag="035" ind1=" " ind2=" ">
    <subfield code="a">R266402460</subfield>
  </datafield>
  <datafield tag="100" ind1="1" ind2=" ">
    <subfield code="0">(RERO)A005913787</subfield>
    <subfield code="a">Ahola, Tero</subfield>
    <subfield code="4">cre</subfield>
  </datafield>
  <datafield tag="245" ind1="1" ind2="0">
    <subfield code="a">Semliki forest virus RNA capping enzyme /</subfield>
    <subfield code="c">Tero Ahola</subfield>
  </datafield>
  <datafield tag="264" ind1=" " ind2="1">
    <subfield code="a">Helsinki :</subfield>
    <subfield code="b">University of Helsinky - Institute of Biotechnology,</subfield>
    <subfield code="c">1997</subfield>
  </datafield>
  <datafield tag="300" ind1=" " ind2=" ">
    <subfield code="a">58, [22] p. :</subfield>
    <subfield code="b">ill. ;</subfield>
    <subfield code="c">25 cm</subfield>
  </datafield>
  <datafield tag="490" ind1="1" ind2=" ">
    <subfield code="a">Dissertationes biocentri viikki universitatis helsingiensis</subfield>
    <subfield code="v">9/1997</subfield>
  </datafield>
  <datafield tag="650" ind1=" " ind2="7">
    <subfield code="0">(RERO)A021003870</subfield>
    <subfield code="a">Chimie organique</subfield>
    <subfield code="2">rero</subfield>
  </datafield>
  <datafield tag="650" ind1=" " ind2="7">
    <subfield code="0">(RERO)A021100971</subfield>
    <subfield code="a">Virus</subfield>
    <subfield code="2">rero</subfield>
  </datafield>
  <datafield tag="650" ind1=" " ind2="7">
    <subfield code="0">(RERO)A021001426</subfield>
    <subfield code="a">Forêts</subfield>
    <subfield code="2">rero</subfield>
  </datafield>
</record>