
<record>
  <leader>00540njm a22001217a 4500</leader>
  <controlfield tag="008">110617s2006    fr ||| |  ||||0||  |fre d</controlfield>
  <datafield tag="035" ind1=" " ind2=" ">
    <subfield code="a">R006079120</subfield>
  </datafield>
  <datafield tag="100" ind1="1" ind2=" ">
    <subfield code="0">(RERO)A000104166</subfield>
    <subfield code="a">Leprince de Beaumont, Jeanne-Marie,</subfield>
    <subfield code="d">1711-1780</subfield>
    <subfield code="4">cre</subfield>
  </datafield>
  <datafield tag="245" ind1="1" ind2="3">
    <subfield code="a">La belle et la bête /</subfield>
    <subfield code="c">un conte de Madame Leprince de Beaumont ; mis en musique par Isabelle Aboulker ; lu par Jacques Bonnaffé</subfield>
  </datafield>
  <datafield tag="264" ind1=" " ind2="1">
    <subfield code="a">[Paris] :</subfield>
    <subfield code="b">Gallimard jeunesse musique,</subfield>
    <subfield code="c">P 2006</subfield>
  </datafield>
  <datafield tag="300" ind1=" " ind2=" ">
    <subfield code="a">1 disque compact</subfield>
  </datafield>
  <datafield tag="700" ind1="1" ind2=" ">
    <subfield code="0">(RERO)A005656452</subfield>
    <subfield code="a">Bonnaffé, Jacques</subfield>
  </datafield>
  <datafield tag="700" ind1="1" ind2=" ">
    <subfield code="0">(RERO)A008844025</subfield>
    <subfield code="a">Aboulker, Isabelle</subfield>
  </datafield>
</record>