
<record>
  <leader>00641nam a2200157 a 4500</leader>
  <controlfield tag="008">000806s1988    it |||||| ||||00|| |ita d</controlfield>
  <datafield tag="020" ind1=" " ind2=" ">
    <subfield code="a">9788870630237</subfield>
  </datafield>
  <datafield tag="035" ind1=" " ind2=" ">
    <subfield code="a">1066335</subfield>
  </datafield>
  <datafield tag="245" ind1="0" ind2="0">
    <subfield code="a">Storia della musica /</subfield>
    <subfield code="c">a cura della Società italiana di musicologia.</subfield>
    <subfield code="n">Vol. 7,</subfield>
    <subfield code="p">L&apos;Ottocento I / Renato Di Benedetto</subfield>
  </datafield>
  <datafield tag="264" ind1=" " ind2="1">
    <subfield code="a">Torino :</subfield>
    <subfield code="b">EDT/Edizioni di Torino,</subfield>
    <subfield code="c">1988</subfield>
  </datafield>
  <datafield tag="300" ind1=" " ind2=" ">
    <subfield code="a">XI, 283 p. :</subfield>
    <subfield code="b">ill. ;</subfield>
    <subfield code="c">21 cm</subfield>
  </datafield>
  <datafield tag="650" ind1=" " ind2="7">
    <subfield code="0">(RERO)A021017258</subfield>
    <subfield code="a">19e siècle</subfield>
    <subfield code="2">rero</subfield>
  </datafield>
  <datafield tag="650" ind1=" " ind2="7">
    <subfield code="0">(RERO)A021002393</subfield>
    <subfield code="a">Romantisme</subfield>
    <subfield code="2">rero</subfield>
  </datafield>
  <datafield tag="650" ind1=" " ind2="7">
    <subfield code="0">(RERO)A023223793</subfield>
    <subfield code="a">Musique allemande</subfield>
    <subfield code="2">rero</subfield>
  </datafield>
  <datafield tag="650" ind1=" " ind2="7">
    <subfield code="0">(RERO)A027725519</subfield>
    <subfield code="a">Musique occidentale</subfield>
    <subfield code="2">rero</subfield>
  </datafield>
  <datafield tag="700" ind1="1" ind2=" ">
    <subfield code="0">(RERO)A003177513</subfield>
    <subfield code="a">Di Benedetto, Renato</subfield>
  </datafield>
</record>