
<record>
  <leader>00403nam a22001212a 4500</leader>
  <controlfield tag="008">110218s1997    fr ||| |  ||||00|  |fre d</controlfield>
  <datafield tag="020" ind1=" " ind2=" ">
    <subfield code="a">9782221082553</subfield>
  </datafield>
  <datafield tag="035" ind1=" " ind2=" ">
    <subfield code="a">R006030321</subfield>
  </datafield>
  <datafield tag="100" ind1="1" ind2=" ">
    <subfield code="0">(RERO)A003274233</subfield>
    <subfield code="a">Gagnière, Claude</subfield>
    <subfield code="4">cre</subfield>
  </datafield>
  <datafield tag="245" ind1="1" ind2="0">
    <subfield code="a">Pour tout l&apos;or des mots :</subfield>
    <subfield code="b">au bohneur des mots : des mots et des merveilles /</subfield>
    <subfield code="c">Claude Gagnière</subfield>
  </datafield>
  <datafield tag="264" ind1=" " ind2="1">
    <subfield code="a">Paris :</subfield>
    <subfield code="b">Laffont,</subfield>
    <subfield code="c">1997</subfield>
  </datafield>
  <datafield tag="300" ind1=" " ind2=" ">
    <subfield code="a">1066 p. ;</subfield>
    <subfield code="c">20 cm</subfield>
  </datafield>
  <datafield tag="490" ind1="0" ind2=" ">
    <subfield code="a">Bouquins</subfield>
  </datafield>
</record>