
<record>
  <leader>00588nam a2200145 a 4500</leader>
  <controlfield tag="008">881201s1988    it |||||| ||||00|| |ita d</controlfield>
  <datafield tag="020" ind1=" " ind2=" ">
    <subfield code="a">9788814014857</subfield>
  </datafield>
  <datafield tag="035" ind1=" " ind2=" ">
    <subfield code="a">1049406</subfield>
  </datafield>
  <datafield tag="100" ind1="1" ind2=" ">
    <subfield code="0">(RERO)A003905121</subfield>
    <subfield code="a">Tondo, Salvatore</subfield>
    <subfield code="4">cre</subfield>
  </datafield>
  <datafield tag="245" ind1="1" ind2="0">
    <subfield code="a">Crisi della Repubblica e formazione del Principato in Roma :</subfield>
    <subfield code="b">lezioni /</subfield>
    <subfield code="c">Salvatore Tondo</subfield>
  </datafield>
  <datafield tag="264" ind1=" " ind2="1">
    <subfield code="a">Milano :</subfield>
    <subfield code="b">A. Giuffrè,</subfield>
    <subfield code="c">1988</subfield>
  </datafield>
  <datafield tag="300" ind1=" " ind2=" ">
    <subfield code="a">299 p. ;</subfield>
    <subfield code="c">23 cm</subfield>
  </datafield>
  <datafield tag="650" ind1=" " ind2="7">
    <subfield code="0">(RERO)A023816905</subfield>
    <subfield code="a">Principat (Rome ; 30 av. J.-C.-284)</subfield>
    <subfield code="2">rero</subfield>
  </datafield>
  <datafield tag="650" ind1=" " ind2="7">
    <subfield code="0">(RERO)A022441254</subfield>
    <subfield code="a">République romaine (Rome ; 509 av. J.-C.-30 av. J.-C.)</subfield>
    <subfield code="2">rero</subfield>
  </datafield>
  <datafield tag="651" ind1=" " ind2="7">
    <subfield code="0">(RERO)A010025199</subfield>
    <subfield code="a">Rome</subfield>
    <subfield code="2">rero</subfield>
  </datafield>
</record>