
<record>
  <leader>00417nam a2200121 a 4500</leader>
  <controlfield tag="008">860924s1983    gw |||||| ||||00|| |ger d</controlfield>
  <datafield tag="020" ind1=" " ind2=" ">
    <subfield code="a">9783790503463</subfield>
  </datafield>
  <datafield tag="035" ind1=" " ind2=" ">
    <subfield code="a">0756193</subfield>
  </datafield>
  <datafield tag="100" ind1="1" ind2=" ">
    <subfield code="0">(RERO)A012371231</subfield>
    <subfield code="a">Bernstein, Herbert,</subfield>
    <subfield code="c">Ingénieur</subfield>
    <subfield code="4">cre</subfield>
  </datafield>
  <datafield tag="245" ind1="1" ind2="0">
    <subfield code="a">MP-Hobby /</subfield>
    <subfield code="c">Herbert Bernstein.</subfield>
    <subfield code="n">Bd. 2,</subfield>
    <subfield code="p">Interfaceschaltungen zu allen Hobby-Computern</subfield>
  </datafield>
  <datafield tag="264" ind1=" " ind2="1">
    <subfield code="a">München :</subfield>
    <subfield code="b">R. Pflaum,</subfield>
    <subfield code="c">[1983]</subfield>
  </datafield>
  <datafield tag="264" ind1=" " ind2="4">
    <subfield code="c">© 1983</subfield>
  </datafield>
  <datafield tag="300" ind1=" " ind2=" ">
    <subfield code="a">238 p. :</subfield>
    <subfield code="b">ill. ;</subfield>
    <subfield code="c">21 cm</subfield>
  </datafield>
</record>