
<record>
  <leader>00493nam a2200133 a 4500</leader>
  <controlfield tag="008">000911s2000    xxu||| |  ||||00|  |eng d</controlfield>
  <datafield tag="020" ind1=" " ind2=" ">
    <subfield code="a">9780821820209</subfield>
  </datafield>
  <datafield tag="035" ind1=" " ind2=" ">
    <subfield code="a">R265852960</subfield>
  </datafield>
  <datafield tag="100" ind1="1" ind2=" ">
    <subfield code="0">(RERO)A003870998</subfield>
    <subfield code="a">Stroock, Daniel W</subfield>
    <subfield code="4">cre</subfield>
  </datafield>
  <datafield tag="245" ind1="1" ind2="3">
    <subfield code="a">An introduction to the analysis of paths on a Riemannian manifold /</subfield>
    <subfield code="c">Daniel W. Stroock</subfield>
  </datafield>
  <datafield tag="264" ind1=" " ind2="1">
    <subfield code="a">Providence R.I. :</subfield>
    <subfield code="b">American Mathematical Society,</subfield>
    <subfield code="c">[2000]</subfield>
  </datafield>
  <datafield tag="264" ind1=" " ind2="4">
    <subfield code="c">© 2000</subfield>
  </datafield>
  <datafield tag="300" ind1=" " ind2=" ">
    <subfield code="a">XVII, 269 p. ;</subfield>
    <subfield code="c">26 cm</subfield>
  </datafield>
  <datafield tag="490" ind1="1" ind2=" ">
    <subfield code="a">Mathematical surveys and monographs</subfield>
    <subfield code="v">vol. 74</subfield>
  </datafield>
</record>