
<record>
  <leader>00534ngm a2200145 a 4500</leader>
  <controlfield tag="008">110721s2011    fr ||| |  ||||  |  |fre d</controlfield>
  <datafield tag="035" ind1=" " ind2=" ">
    <subfield code="a">R006109425</subfield>
  </datafield>
  <datafield tag="245" ind1="0" ind2="0">
    <subfield code="a">Carte des sons de Tokyo /</subfield>
    <subfield code="c">un film de Isabelle Coixet ; prod. Jaume Roures</subfield>
  </datafield>
  <datafield tag="264" ind1=" " ind2="1">
    <subfield code="a">[Paris] :</subfield>
    <subfield code="b">Bodega,</subfield>
    <subfield code="c">[2011]</subfield>
  </datafield>
  <datafield tag="300" ind1=" " ind2=" ">
    <subfield code="a">1 DVD-vidéo (76 min.)</subfield>
  </datafield>
  <datafield tag="500" ind1=" " ind2=" ">
    <subfield code="a">Une prod.: Mediapro, Versatil, 2009</subfield>
  </datafield>
  <datafield tag="500" ind1=" " ind2=" ">
    <subfield code="a">Langue: Français. Sous-titres: Français</subfield>
  </datafield>
  <datafield tag="520" ind1="8" ind2=" ">
    <subfield code="a">Drame</subfield>
    <subfield code="9">necfbv/11.2014</subfield>
  </datafield>
  <datafield tag="700" ind1="1" ind2=" ">
    <subfield code="0">(RERO)A018982347</subfield>
    <subfield code="a">Coixet, Isabelle</subfield>
  </datafield>
  <datafield tag="700" ind1="1" ind2=" ">
    <subfield code="0">(RERO)A017942200</subfield>
    <subfield code="a">Roures, Jaume,</subfield>
    <subfield code="d">1950-</subfield>
  </datafield>
</record>