
<record>
  <leader>00426njm a2200109 a 4500</leader>
  <controlfield tag="008">010620m19861987xx ||| |  |||| ||  |eng d</controlfield>
  <datafield tag="035" ind1=" " ind2=" ">
    <subfield code="a">R003054221</subfield>
  </datafield>
  <datafield tag="100" ind1="1" ind2=" ">
    <subfield code="0">(RERO)A003828350</subfield>
    <subfield code="a">Shocked, Michelle</subfield>
    <subfield code="4">cre</subfield>
  </datafield>
  <datafield tag="245" ind1="1" ind2="4">
    <subfield code="a">The Texas Campfire tapes</subfield>
    <subfield code="h">[Enregistrement sonore] /</subfield>
    <subfield code="c">Michelle Schocked</subfield>
  </datafield>
  <datafield tag="264" ind1=" " ind2="1">
    <subfield code="a">[Lieu de publication non identifié] :</subfield>
    <subfield code="b">Cooking Vinyl,</subfield>
    <subfield code="c">P 1986, 1987</subfield>
  </datafield>
  <datafield tag="300" ind1=" " ind2=" ">
    <subfield code="a">1 disque compact (37 min 33 s) ;</subfield>
    <subfield code="c">12 cm</subfield>
  </datafield>
  <datafield tag="500" ind1=" " ind2=" ">
    <subfield code="a">Texte des chansons</subfield>
  </datafield>
</record>