
<record>
  <leader>00732nam a22001332a 4500</leader>
  <controlfield tag="008">110218s2005    fr ||| |  ||||00|  |fre d</controlfield>
  <datafield tag="020" ind1=" " ind2=" ">
    <subfield code="a">9782747016803</subfield>
  </datafield>
  <datafield tag="035" ind1=" " ind2=" ">
    <subfield code="a">R006035524</subfield>
  </datafield>
  <datafield tag="100" ind1="1" ind2=" ">
    <subfield code="0">(RERO)A006443355</subfield>
    <subfield code="a">David, Lawrence</subfield>
    <subfield code="4">cre</subfield>
  </datafield>
  <datafield tag="245" ind1="1" ind2="3">
    <subfield code="a">Le fils du Père Noël /</subfield>
    <subfield code="c">Lawrence David, Delphine Durand</subfield>
  </datafield>
  <datafield tag="264" ind1=" " ind2="1">
    <subfield code="a">Paris :</subfield>
    <subfield code="b">Bayard,</subfield>
    <subfield code="c">2005</subfield>
  </datafield>
  <datafield tag="300" ind1=" " ind2=" ">
    <subfield code="c">29 cm</subfield>
  </datafield>
  <datafield tag="520" ind1="8" ind2=" ">
    <subfield code="a">Tous les ans, le Père Noël dresse une liste des enfants qui n&apos;ont pas été sages, et qui seront privés de cadeaux. C&apos;est la règle ! Pierre, le fils du Père Noël, trouve cela injuste, surtout que lui-même est inscrit sur la fameuse liste pour la deuxième année de suite ! Il décide alors de passer à l&apos;action...</subfield>
    <subfield code="9">njhep-/09.2011</subfield>
  </datafield>
  <datafield tag="700" ind1="1" ind2=" ">
    <subfield code="0">(RERO)A005618566</subfield>
    <subfield code="a">Durand, Delphine</subfield>
  </datafield>
</record>