
<record>
  <leader>00724nam a2200157 a 4500</leader>
  <controlfield tag="008">000715s1985    it |||||| ||||00|| |ita d</controlfield>
  <datafield tag="020" ind1=" " ind2=" ">
    <subfield code="a">9788875970079</subfield>
  </datafield>
  <datafield tag="035" ind1=" " ind2=" ">
    <subfield code="a">1062240</subfield>
  </datafield>
  <datafield tag="245" ind1="0" ind2="0">
    <subfield code="a">Valadier :</subfield>
    <subfield code="b">segno e architettura : Calcografia, 15 Novembre 1985 - 15 Gennaio 1986 /</subfield>
    <subfield code="c">catalogo a cura di Elisa Debenedetti ; Ministero per i beni culturali e ambientali, Istituto nazionale per la grafica</subfield>
  </datafield>
  <datafield tag="264" ind1=" " ind2="1">
    <subfield code="a">Roma :</subfield>
    <subfield code="b">Multigrafica ed.,</subfield>
    <subfield code="c">[1985]</subfield>
  </datafield>
  <datafield tag="264" ind1=" " ind2="4">
    <subfield code="c">© 1985</subfield>
  </datafield>
  <datafield tag="300" ind1=" " ind2=" ">
    <subfield code="a">444 p. :</subfield>
    <subfield code="b">ill. ;</subfield>
    <subfield code="c">24 cm</subfield>
  </datafield>
  <datafield tag="500" ind1=" " ind2=" ">
    <subfield code="a">Exposition. Roma. Istituto nazionale per la grafica. 1985-1986</subfield>
  </datafield>
  <datafield tag="600" ind1="1" ind2="7">
    <subfield code="0">(RERO)A010162555</subfield>
    <subfield code="a">Valadier, Giuseppe</subfield>
    <subfield code="2">rero</subfield>
  </datafield>
  <datafield tag="655" ind1=" " ind2="7">
    <subfield code="0">(RERO)A021004924</subfield>
    <subfield code="a">[Catalogues d&apos;exposition]</subfield>
    <subfield code="2">rero</subfield>
  </datafield>
  <datafield tag="700" ind1="1" ind2=" ">
    <subfield code="0">(RERO)A003161931</subfield>
    <subfield code="a">Debenedetti, Elisa</subfield>
  </datafield>
</record>