
<record>
  <leader>00353naa a2200085 a 4500</leader>
  <controlfield tag="008">100224s1831    gw |||||| ||||00|  |ger d</controlfield>
  <datafield tag="035" ind1=" " ind2=" ">
    <subfield code="a">R005397123</subfield>
  </datafield>
  <datafield tag="245" ind1="0" ind2="0">
    <subfield code="a">Geheimnisse der Aten bei der durchfichtigen Glasmalerei nebst der Kunst die dazu nöthigen Farben zu bereiten und einzubrennen /</subfield>
    <subfield code="c">praktisch dargestellt von C.S.</subfield>
  </datafield>
  <datafield tag="264" ind1=" " ind2="1">
    <subfield code="a">Leipzig :</subfield>
    <subfield code="b">C.E. Kollmann,</subfield>
    <subfield code="c">1831</subfield>
  </datafield>
  <datafield tag="300" ind1=" " ind2=" ">
    <subfield code="a">1 Bd.</subfield>
  </datafield>
</record>