
<record>
  <leader>00912cam a2200133 a 4500</leader>
  <controlfield tag="008">000914s1997    fr |||||| ||||00|  |fre d</controlfield>
  <datafield tag="020" ind1=" " ind2=" ">
    <subfield code="a">9782031060505</subfield>
  </datafield>
  <datafield tag="035" ind1=" " ind2=" ">
    <subfield code="a">R265822460</subfield>
  </datafield>
  <datafield tag="245" ind1="0" ind2="0">
    <subfield code="a">Grand Larousse universel</subfield>
  </datafield>
  <datafield tag="264" ind1=" " ind2="1">
    <subfield code="a">Paris :</subfield>
    <subfield code="b">Larousse,</subfield>
    <subfield code="c">1997</subfield>
  </datafield>
  <datafield tag="300" ind1=" " ind2=" ">
    <subfield code="a">15 vol. (XLVII, 11038 p.) :</subfield>
    <subfield code="b">ill. ;</subfield>
    <subfield code="c">29 cm</subfield>
  </datafield>
  <datafield tag="500" ind1=" " ind2=" ">
    <subfield code="a">Éd. hors commerce exclusivement réservée à la clientèle de Larousse Diffusion</subfield>
  </datafield>
  <datafield tag="500" ind1=" " ind2=" ">
    <subfield code="a">La page de garde porte: Grand Larousse universel avec Actualia. Actualia, panorama du savoir actuel regroupe, en fin de volume, les articles, classés alphabétiquement, apportant les informations les plus récentes sur des sujets nouveaux ou sur des sujets déjà abordés dans le même volume. Pour ces derniers, l&apos;existence d&apos;une vignette noire placée en regard de l&apos;entrée correspondante signale un complément d&apos;information dans Actualia.</subfield>
  </datafield>
  <datafield tag="500" ind1=" " ind2=" ">
    <subfield code="a">Avant-titre : Grand dictionnaire encyclopédique Larousse</subfield>
  </datafield>
</record>