
<record>
  <leader>00454nas a2200133 a 4500</leader>
  <controlfield tag="008">890302d19509999ja |||p|| ||||0 || 0jpn d</controlfield>
  <datafield tag="035" ind1=" " ind2=" ">
    <subfield code="a">1084908</subfield>
  </datafield>
  <datafield tag="041" ind1="0" ind2=" ">
    <subfield code="a">jpn</subfield>
    <subfield code="a">eng</subfield>
  </datafield>
  <datafield tag="245" ind1="0" ind2="0">
    <subfield code="a">Hikobia :</subfield>
    <subfield code="b">journal of the Hiroshima Botanical Club</subfield>
  </datafield>
  <datafield tag="264" ind1=" " ind2="1">
    <subfield code="a">Hiroshima :</subfield>
    <subfield code="b">Hiroshima Botanical Club,</subfield>
    <subfield code="c">1950-&gt;</subfield>
  </datafield>
  <datafield tag="300" ind1=" " ind2=" ">
    <subfield code="c">21 [puis] 26 cm</subfield>
  </datafield>
  <datafield tag="650" ind1=" " ind2="7">
    <subfield code="0">(RERO)A021007164</subfield>
    <subfield code="a">Botanique</subfield>
    <subfield code="2">rero</subfield>
  </datafield>
  <datafield tag="655" ind1=" " ind2="7">
    <subfield code="0">(RERO)A021002597</subfield>
    <subfield code="a">[Périodiques]</subfield>
    <subfield code="2">rero</subfield>
  </datafield>
  <datafield tag="710" ind1="2" ind2=" ">
    <subfield code="0">(RERO)A003373776</subfield>
    <subfield code="a">Hiroshima Botanical Club</subfield>
  </datafield>
</record>