
<record>
  <leader>00379njm a22001097a 4500</leader>
  <controlfield tag="008">110715s2002    xx |||||| |||||||  |fre d</controlfield>
  <datafield tag="035" ind1=" " ind2=" ">
    <subfield code="a">R006104528</subfield>
  </datafield>
  <datafield tag="100" ind1="1" ind2=" ">
    <subfield code="0">(RERO)A003203429</subfield>
    <subfield code="a">Dès, Henri</subfield>
    <subfield code="4">cre</subfield>
  </datafield>
  <datafield tag="245" ind1="1" ind2="0">
    <subfield code="a">Comme des géants [Enregistrement sonore] /</subfield>
    <subfield code="c">Henri Dès</subfield>
  </datafield>
  <datafield tag="264" ind1=" " ind2="1">
    <subfield code="a">[Lieu de publication non identifié] :</subfield>
    <subfield code="b">Disques Marie-Josée,</subfield>
    <subfield code="c">P 2002</subfield>
  </datafield>
  <datafield tag="300" ind1=" " ind2=" ">
    <subfield code="a">1 disque compact</subfield>
  </datafield>
  <datafield tag="490" ind1="1" ind2=" ">
    <subfield code="a">Henri Dès</subfield>
    <subfield code="v">14</subfield>
  </datafield>
</record>