
<record>
  <leader>00427nam a22001332a 4500</leader>
  <controlfield tag="008">110218s2005    be ||| |  ||||00|  |fre d</controlfield>
  <datafield tag="020" ind1=" " ind2=" ">
    <subfield code="a">9782203553248</subfield>
  </datafield>
  <datafield tag="035" ind1=" " ind2=" ">
    <subfield code="a">R006035525</subfield>
  </datafield>
  <datafield tag="100" ind1="1" ind2=" ">
    <subfield code="0">(RERO)A003153742</subfield>
    <subfield code="a">Daniel, Stéphane</subfield>
    <subfield code="4">cre</subfield>
  </datafield>
  <datafield tag="245" ind1="1" ind2="3">
    <subfield code="a">Un cadeau pour le Père Noël /</subfield>
    <subfield code="c">Stéphane Daniel, Olivier Latyk</subfield>
  </datafield>
  <datafield tag="264" ind1=" " ind2="1">
    <subfield code="a">Tournai :</subfield>
    <subfield code="b">Casterman,</subfield>
    <subfield code="c">2005</subfield>
  </datafield>
  <datafield tag="300" ind1=" " ind2=" ">
    <subfield code="c">25x30 cm</subfield>
  </datafield>
  <datafield tag="490" ind1="0" ind2=" ">
    <subfield code="a">Les Albums Duculot</subfield>
  </datafield>
  <datafield tag="700" ind1="1" ind2=" ">
    <subfield code="0">(RERO)A008733721</subfield>
    <subfield code="a">Latyk, Olivier</subfield>
  </datafield>
</record>