
<record>
  <leader>00396naa a2200109 a 4500</leader>
  <controlfield tag="008">971022 1970    sz ||| |  ||||00|  |ger d</controlfield>
  <datafield tag="035" ind1=" " ind2=" ">
    <subfield code="a">bv00211682</subfield>
  </datafield>
  <datafield tag="100" ind1="1" ind2=" ">
    <subfield code="0">(RERO)A003464494</subfield>
    <subfield code="a">Koenig, Willy</subfield>
    <subfield code="4">cre</subfield>
  </datafield>
  <datafield tag="245" ind1="1" ind2="0">
    <subfield code="a">Privates und öffentliches Recht im Versicherungsverhältnis /</subfield>
    <subfield code="c">Willy Koenig</subfield>
  </datafield>
  <datafield tag="264" ind1=" " ind2="1">
    <subfield code="a">Roma :</subfield>
    <subfield code="b">Ed. della rivista assicurazioni,</subfield>
    <subfield code="c">1970</subfield>
  </datafield>
  <datafield tag="300" ind1=" " ind2=" ">
    <subfield code="a">S. 279-299 ;</subfield>
    <subfield code="c">24 cm</subfield>
  </datafield>
  <datafield tag="773" ind1="1" ind2=" ">
    <subfield code="t">Droit des assurances</subfield>
    <subfield code="g">Vol. I</subfield>
  </datafield>
</record>