
<record>
  <leader>00465nam a2200133 a 4500</leader>
  <controlfield tag="008">860407s1985    it |||||| ||||00|| |ita d</controlfield>
  <datafield tag="020" ind1=" " ind2=" ">
    <subfield code="a">9788876920103</subfield>
  </datafield>
  <datafield tag="035" ind1=" " ind2=" ">
    <subfield code="a">0698167</subfield>
  </datafield>
  <datafield tag="100" ind1="1" ind2=" ">
    <subfield code="0">(RERO)A003677925</subfield>
    <subfield code="a">Pecchio, Giuseppe,</subfield>
    <subfield code="d">1785-1835</subfield>
    <subfield code="4">cre</subfield>
  </datafield>
  <datafield tag="245" ind1="1" ind2="0">
    <subfield code="a">Della produzione letteraria /</subfield>
    <subfield code="c">Giuseppe Pecchio</subfield>
  </datafield>
  <datafield tag="264" ind1=" " ind2="1">
    <subfield code="a">Pordenone :</subfield>
    <subfield code="b">Ed. Studio Tesi,</subfield>
    <subfield code="c">1985</subfield>
  </datafield>
  <datafield tag="300" ind1=" " ind2=" ">
    <subfield code="a">LI, 182 p. ;</subfield>
    <subfield code="c">23 cm</subfield>
  </datafield>
  <datafield tag="490" ind1="0" ind2=" ">
    <subfield code="a">Collezione Biblioteca</subfield>
    <subfield code="v">30</subfield>
  </datafield>
  <datafield tag="650" ind1=" " ind2="7">
    <subfield code="0">(RERO)A010022138</subfield>
    <subfield code="a">production (littérature)</subfield>
    <subfield code="2">rerovoc</subfield>
  </datafield>
</record>