
<record>
  <leader>00503nam a2200157 a 4500</leader>
  <controlfield tag="008">881117s1987    it |||||| ||||00|| |ita d</controlfield>
  <datafield tag="020" ind1=" " ind2=" ">
    <subfield code="a">9788806598358</subfield>
  </datafield>
  <datafield tag="035" ind1=" " ind2=" ">
    <subfield code="a">1043341</subfield>
  </datafield>
  <datafield tag="041" ind1="1" ind2=" ">
    <subfield code="a">ita</subfield>
    <subfield code="h">ger</subfield>
  </datafield>
  <datafield tag="100" ind1="1" ind2=" ">
    <subfield code="0">(RERO)A003394297</subfield>
    <subfield code="a">Hölderlin, Friedrich</subfield>
    <subfield code="4">cre</subfield>
  </datafield>
  <datafield tag="245" ind1="1" ind2="0">
    <subfield code="a">Alcune poesie di Hölderlin /</subfield>
    <subfield code="c">trad. da Gianfranco Contini</subfield>
  </datafield>
  <datafield tag="264" ind1=" " ind2="1">
    <subfield code="a">Torino :</subfield>
    <subfield code="b">G. Einaudi,</subfield>
    <subfield code="c">[1987]</subfield>
  </datafield>
  <datafield tag="264" ind1=" " ind2="4">
    <subfield code="c">© 1987</subfield>
  </datafield>
  <datafield tag="300" ind1=" " ind2=" ">
    <subfield code="a">68 p. ;</subfield>
    <subfield code="c">21 cm</subfield>
  </datafield>
  <datafield tag="490" ind1="0" ind2=" ">
    <subfield code="a">Collezione di poesia</subfield>
    <subfield code="v">194</subfield>
  </datafield>
  <datafield tag="700" ind1="1" ind2=" ">
    <subfield code="0">(RERO)A003131992</subfield>
    <subfield code="a">Contini, Gianfranco,</subfield>
    <subfield code="d">1912-1990</subfield>
  </datafield>
</record>