
<record>
  <leader>00334naa a22000977a 4500</leader>
  <controlfield tag="008">980412s1970    xx ||| |  ||||00|  0eng d</controlfield>
  <datafield tag="035" ind1=" " ind2=" ">
    <subfield code="a">R003441520</subfield>
  </datafield>
  <datafield tag="100" ind1="1" ind2=" ">
    <subfield code="0">(RERO)A003171937</subfield>
    <subfield code="a">Deschner, John</subfield>
    <subfield code="4">cre</subfield>
  </datafield>
  <datafield tag="245" ind1="1" ind2="0">
    <subfield code="a">Ecclesiological aspects of the race problem /</subfield>
    <subfield code="c">J. Deschner</subfield>
  </datafield>
  <datafield tag="264" ind1=" " ind2="1">
    <subfield code="c">1970</subfield>
  </datafield>
  <datafield tag="773" ind1="1" ind2=" ">
    <subfield code="t">International review of mission</subfield>
    <subfield code="g">v. 59 (July 1970) p. 285-295</subfield>
  </datafield>
</record>