
<record>
  <leader>00558nam a2200157 a 4500</leader>
  <controlfield tag="008">860812s1983    gw |||||| ||||00|| |ger d</controlfield>
  <datafield tag="020" ind1=" " ind2=" ">
    <subfield code="a">9783453308817</subfield>
  </datafield>
  <datafield tag="035" ind1=" " ind2=" ">
    <subfield code="a">0740091</subfield>
  </datafield>
  <datafield tag="041" ind1="1" ind2=" ">
    <subfield code="a">ger</subfield>
    <subfield code="h">eng</subfield>
  </datafield>
  <datafield tag="100" ind1="1" ind2=" ">
    <subfield code="0">(RERO)A025242032</subfield>
    <subfield code="a">Gunn, James E.,</subfield>
    <subfield code="d">1923-</subfield>
    <subfield code="4">cre</subfield>
  </datafield>
  <datafield tag="245" ind1="1" ind2="4">
    <subfield code="a">Die Horcher :</subfield>
    <subfield code="b">Science Fiction-Roman /</subfield>
    <subfield code="c">James E. Gunn ; [deutsche Übers. von Klaus Boer]</subfield>
  </datafield>
  <datafield tag="264" ind1=" " ind2="1">
    <subfield code="a">München :</subfield>
    <subfield code="b">W.Heyne,</subfield>
    <subfield code="c">1983</subfield>
  </datafield>
  <datafield tag="300" ind1=" " ind2=" ">
    <subfield code="a">252 p. :</subfield>
    <subfield code="b">ill. ;</subfield>
    <subfield code="c">18 cm</subfield>
  </datafield>
  <datafield tag="490" ind1="1" ind2=" ">
    <subfield code="a">Heyne-Bücher. 06, Science-fiction</subfield>
    <subfield code="v">Nr. 3951</subfield>
  </datafield>
  <datafield tag="500" ind1=" " ind2=" ">
    <subfield code="a">Traduit de: The listeners</subfield>
  </datafield>
  <datafield tag="700" ind1="1" ind2=" ">
    <subfield code="0">(RERO)A003018348</subfield>
    <subfield code="a">Boer, Klaus</subfield>
  </datafield>
</record>