
<record>
  <leader>00411naa a2200109 a 4500</leader>
  <controlfield tag="008">971022 1959    sz ||| |  ||||00|  |ger d</controlfield>
  <datafield tag="035" ind1=" " ind2=" ">
    <subfield code="a">bv00226630</subfield>
  </datafield>
  <datafield tag="100" ind1="1" ind2=" ">
    <subfield code="0">(RERO)A003973310</subfield>
    <subfield code="a">Wiebringhaus, Hans</subfield>
    <subfield code="4">cre</subfield>
  </datafield>
  <datafield tag="245" ind1="1" ind2="4">
    <subfield code="a">Ein internationaler Gerichtshof zum Schutze der Menschenrechte /</subfield>
    <subfield code="c">Hans Wiebringhaus</subfield>
  </datafield>
  <datafield tag="264" ind1=" " ind2="1">
    <subfield code="a">Basel :</subfield>
    <subfield code="b">Verlag für Recht und Gesellschaft,</subfield>
    <subfield code="c">1959</subfield>
  </datafield>
  <datafield tag="300" ind1=" " ind2=" ">
    <subfield code="a">25 S. ;</subfield>
    <subfield code="c">21 cm</subfield>
  </datafield>
  <datafield tag="773" ind1="1" ind2=" ">
    <subfield code="t">Aspects on human rights</subfield>
    <subfield code="9">CHECKED</subfield>
  </datafield>
</record>