
<record>
  <leader>00298naa a22000857a 4500</leader>
  <controlfield tag="008">980412s1989    xx ||| |  ||||00|  0eng d</controlfield>
  <datafield tag="035" ind1=" " ind2=" ">
    <subfield code="a">R003447921</subfield>
  </datafield>
  <datafield tag="245" ind1="0" ind2="0">
    <subfield code="a">Report on the Youth Pre-conference &quot;Risking obedience&quot;</subfield>
  </datafield>
  <datafield tag="264" ind1=" " ind2="1">
    <subfield code="c">1989</subfield>
  </datafield>
  <datafield tag="773" ind1="1" ind2=" ">
    <subfield code="t">International review of mission</subfield>
    <subfield code="g">v. 78 (July/October 1989), no. 311/312, p. 426-430</subfield>
  </datafield>
</record>