
<record>
  <leader>00566naa a2200133 a 4500</leader>
  <controlfield tag="008">021002s2002    fr ||| |  ||||00|  |fre d</controlfield>
  <datafield tag="035" ind1=" " ind2=" ">
    <subfield code="a">R003249427</subfield>
  </datafield>
  <datafield tag="245" ind1="0" ind2="0">
    <subfield code="a">Galaxies :</subfield>
    <subfield code="b">Science-fiction ; dossier Kathleen Ann Goonan /</subfield>
    <subfield code="c">[textes de] Laurent Genefort... [et al.]</subfield>
  </datafield>
  <datafield tag="264" ind1=" " ind2="1">
    <subfield code="a">Nancy :</subfield>
    <subfield code="b">Galaxies,</subfield>
    <subfield code="c">2002</subfield>
  </datafield>
  <datafield tag="300" ind1=" " ind2=" ">
    <subfield code="a">192 p. :</subfield>
    <subfield code="b">ill. ;</subfield>
    <subfield code="c">21 cm</subfield>
  </datafield>
  <datafield tag="490" ind1="1" ind2=" ">
    <subfield code="a">Galaxies : Science-fiction</subfield>
    <subfield code="v">26, septembre 2002</subfield>
  </datafield>
  <datafield tag="520" ind1="8" ind2=" ">
    <subfield code="a">Analyse : Roman de science-fiction. Nouvelles</subfield>
    <subfield code="9">necfbv/4.2003/3521</subfield>
  </datafield>
  <datafield tag="600" ind1="1" ind2="7">
    <subfield code="0">(RERO)A010221363</subfield>
    <subfield code="a">Goonan, Kathleen Ann</subfield>
    <subfield code="2">rero</subfield>
  </datafield>
  <datafield tag="700" ind1="1" ind2=" ">
    <subfield code="0">(RERO)A008956916</subfield>
    <subfield code="a">Goonan, Kathleen Ann</subfield>
  </datafield>
</record>