
<record>
  <leader>00420naa a2200097 a 4500</leader>
  <controlfield tag="008">050610s1947    sz ||| |  ||||00|  |fre d</controlfield>
  <datafield tag="035" ind1=" " ind2=" ">
    <subfield code="a">R003856720</subfield>
  </datafield>
  <datafield tag="100" ind1="1" ind2=" ">
    <subfield code="0">(RERO)A012350832</subfield>
    <subfield code="a">Henry, Pierre,</subfield>
    <subfield code="c">linguiste</subfield>
    <subfield code="4">cre</subfield>
  </datafield>
  <datafield tag="245" ind1="1" ind2="0">
    <subfield code="a">Simples notes relatives à l&apos;enseignement de l&apos;histoire du Jura bernois /</subfield>
    <subfield code="c">Pierre Henry</subfield>
  </datafield>
  <datafield tag="264" ind1=" " ind2="1">
    <subfield code="a">[Courtemaîche] :</subfield>
    <subfield code="b">[Assocation des instituteurs [éditeur non identifié],</subfield>
    <subfield code="c">1947</subfield>
  </datafield>
  <datafield tag="773" ind1="1" ind2=" ">
    <subfield code="a">Ami de l&apos;instituteur</subfield>
    <subfield code="g">1947/9/17</subfield>
  </datafield>
</record>