
<record>
  <leader>00840nam a2200181 a 4500</leader>
  <controlfield tag="008">110725s2002    gw ||| |  |||| 1|  |ger d</controlfield>
  <datafield tag="020" ind1=" " ind2=" ">
    <subfield code="a">9783828883413</subfield>
  </datafield>
  <datafield tag="035" ind1=" " ind2=" ">
    <subfield code="a">R006110827</subfield>
  </datafield>
  <datafield tag="245" ind1="0" ind2="0">
    <subfield code="a">Literalität und Bildung :</subfield>
    <subfield code="b">Festschrift zum 60. Geburtstag von Prof. Dr. Michael W. Schwander /</subfield>
    <subfield code="c">hrsg. von Hermann J. Forneck und Wilfried Lippitz</subfield>
  </datafield>
  <datafield tag="264" ind1=" " ind2="1">
    <subfield code="a">Marburg :</subfield>
    <subfield code="b">Tectum-Verl.,</subfield>
    <subfield code="c">2002</subfield>
  </datafield>
  <datafield tag="300" ind1=" " ind2=" ">
    <subfield code="a">176 S. :</subfield>
    <subfield code="b">graph. Darst.</subfield>
  </datafield>
  <datafield tag="650" ind1=" " ind2="7">
    <subfield code="0">(RERO)A009958173</subfield>
    <subfield code="a">formation (éducation)</subfield>
    <subfield code="2">rerovoc</subfield>
  </datafield>
  <datafield tag="650" ind1=" " ind2="7">
    <subfield code="0">(RERO)A009986101</subfield>
    <subfield code="a">formation professionnelle continue</subfield>
    <subfield code="2">rerovoc</subfield>
  </datafield>
  <datafield tag="650" ind1=" " ind2="7">
    <subfield code="0">(RERO)A021010168</subfield>
    <subfield code="a">Compétence et performance (linguistique)</subfield>
    <subfield code="2">rero</subfield>
  </datafield>
  <datafield tag="650" ind1=" " ind2="7">
    <subfield code="0">(RERO)A021001794</subfield>
    <subfield code="a">Enfants</subfield>
    <subfield code="2">rero</subfield>
  </datafield>
  <datafield tag="655" ind1=" " ind2="7">
    <subfield code="0">(RERO)A022249905</subfield>
    <subfield code="a">[Études diverses]</subfield>
    <subfield code="2">rero</subfield>
  </datafield>
  <datafield tag="700" ind1="1" ind2=" ">
    <subfield code="0">(RERO)A003253516</subfield>
    <subfield code="a">Forneck, Hermann-Josef</subfield>
  </datafield>
  <datafield tag="700" ind1="1" ind2=" ">
    <subfield code="0">(RERO)A019039954</subfield>
    <subfield code="a">Schwander, Michael W.,</subfield>
    <subfield code="d">1940-</subfield>
  </datafield>
</record>