
<record>
  <leader>00467nam a22001212a 4500</leader>
  <controlfield tag="008">110218s1998    fr ||| |  ||||00|  |fre d</controlfield>
  <datafield tag="020" ind1=" " ind2=" ">
    <subfield code="a">9782904972287</subfield>
  </datafield>
  <datafield tag="035" ind1=" " ind2=" ">
    <subfield code="a">R006031624</subfield>
  </datafield>
  <datafield tag="100" ind1="1" ind2=" ">
    <subfield code="0">(RERO)A003760581</subfield>
    <subfield code="a">Rosenfeld, Jona M</subfield>
    <subfield code="4">cre</subfield>
  </datafield>
  <datafield tag="245" ind1="1" ind2="0">
    <subfield code="a">Emerger de la grande pauvreté :</subfield>
    <subfield code="b">[le mouvement ATD Quart Monde et son action avec les familles les plus pauvres] /</subfield>
    <subfield code="c">Jona M Rosenfeld</subfield>
  </datafield>
  <datafield tag="264" ind1=" " ind2="1">
    <subfield code="a">Paris :</subfield>
    <subfield code="b">Quart Monde,</subfield>
    <subfield code="c">1998</subfield>
  </datafield>
  <datafield tag="300" ind1=" " ind2=" ">
    <subfield code="a">118 p. :</subfield>
    <subfield code="b">ill. ;</subfield>
    <subfield code="c">17 cm</subfield>
  </datafield>
  <datafield tag="490" ind1="0" ind2=" ">
    <subfield code="a">Passeport pour l&apos;action</subfield>
  </datafield>
</record>