
<record>
  <leader>00751nam a2200145 a 4500</leader>
  <controlfield tag="008">860624s1979    gw |||||| ||||00|| |rus d</controlfield>
  <datafield tag="020" ind1=" " ind2=" ">
    <subfield code="a">9783876901602</subfield>
  </datafield>
  <datafield tag="035" ind1=" " ind2=" ">
    <subfield code="a">0724980</subfield>
  </datafield>
  <datafield tag="100" ind1="1" ind2=" ">
    <subfield code="0">(RERO)A003870283</subfield>
    <subfield code="a">Stricker, Gerd</subfield>
    <subfield code="4">cre</subfield>
  </datafield>
  <datafield tag="245" ind1="1" ind2="0">
    <subfield code="a">Stilistische und verbalsyntaktische Untersuchungen zum moskovitischen Prunkstil des 16. Jahrhunderts :</subfield>
    <subfield code="b">die Erzählung über die Belagerung Pleskaus durch den polnischen König Stephan Báthory 1581/82 im Vergleich mit der Erzählung über die Eroberung Konstantinopels durch die Türken 1453 /</subfield>
    <subfield code="c">Gerd Stricker</subfield>
  </datafield>
  <datafield tag="264" ind1=" " ind2="1">
    <subfield code="a">München :</subfield>
    <subfield code="b">O. Sagner,</subfield>
    <subfield code="c">1979</subfield>
  </datafield>
  <datafield tag="300" ind1=" " ind2=" ">
    <subfield code="a">XIII, 678 p. ;</subfield>
    <subfield code="c">21 cm</subfield>
  </datafield>
  <datafield tag="490" ind1="1" ind2=" ">
    <subfield code="a">Slavistische Beiträge</subfield>
    <subfield code="v">Bd. 127</subfield>
  </datafield>
  <datafield tag="650" ind1=" " ind2="7">
    <subfield code="0">(RERO)A021100938</subfield>
    <subfield code="a">Russe (langue)</subfield>
    <subfield code="2">rero</subfield>
  </datafield>
  <datafield tag="650" ind1=" " ind2="7">
    <subfield code="0">(RERO)A021017286</subfield>
    <subfield code="a">16e siècle</subfield>
    <subfield code="2">rero</subfield>
  </datafield>
</record>