
<record>
  <leader>00735nam a2200193 a 4500</leader>
  <controlfield tag="008">000921s1997    xxk||| |  ||||00|  |eng d</controlfield>
  <datafield tag="020" ind1=" " ind2=" ">
    <subfield code="a">9783825836078</subfield>
  </datafield>
  <datafield tag="035" ind1=" " ind2=" ">
    <subfield code="a">R270102860</subfield>
  </datafield>
  <datafield tag="100" ind1="1" ind2=" ">
    <subfield code="0">(RERO)A006032782</subfield>
    <subfield code="a">Minges, Klaus</subfield>
    <subfield code="4">cre</subfield>
  </datafield>
  <datafield tag="245" ind1="1" ind2="4">
    <subfield code="a">Das Sammlungswesen der frühen Neuzeit :</subfield>
    <subfield code="b">kritieren der Ordnung und Spezialisierung /</subfield>
    <subfield code="c">Klaus Minges</subfield>
  </datafield>
  <datafield tag="264" ind1=" " ind2="1">
    <subfield code="a">Münster :</subfield>
    <subfield code="b">LIT,</subfield>
    <subfield code="c">[1998]</subfield>
  </datafield>
  <datafield tag="264" ind1=" " ind2="4">
    <subfield code="c">© 1998</subfield>
  </datafield>
  <datafield tag="300" ind1=" " ind2=" ">
    <subfield code="a">257 S. :</subfield>
    <subfield code="b">Abb. ;</subfield>
    <subfield code="c">21 cm</subfield>
  </datafield>
  <datafield tag="490" ind1="1" ind2=" ">
    <subfield code="a">Museen - Geschichte und Gegenwart</subfield>
    <subfield code="v">Bd. 3</subfield>
  </datafield>
  <datafield tag="650" ind1=" " ind2="7">
    <subfield code="0">(RERO)A021003423</subfield>
    <subfield code="a">Art</subfield>
    <subfield code="2">rero</subfield>
  </datafield>
  <datafield tag="650" ind1=" " ind2="7">
    <subfield code="0">(RERO)A009971137</subfield>
    <subfield code="a">collection</subfield>
    <subfield code="2">rerovoc</subfield>
  </datafield>
  <datafield tag="650" ind1=" " ind2="7">
    <subfield code="0">(RERO)A022563361</subfield>
    <subfield code="a">16e siècle-17e siècle</subfield>
    <subfield code="2">rero</subfield>
  </datafield>
  <datafield tag="650" ind1=" " ind2="7">
    <subfield code="0">(RERO)A009971143</subfield>
    <subfield code="a">collectionneur</subfield>
    <subfield code="2">rerovoc</subfield>
  </datafield>
  <datafield tag="650" ind1=" " ind2="7">
    <subfield code="0">(RERO)A021005066</subfield>
    <subfield code="a">Musées</subfield>
    <subfield code="2">rero</subfield>
  </datafield>
</record>