
<record>
  <leader>00333nas a22000857a 4500</leader>
  <controlfield tag="008">010919q19919999is |||m|  ||||0 |  0eng d</controlfield>
  <datafield tag="035" ind1=" " ind2=" ">
    <subfield code="a">R003092022</subfield>
  </datafield>
  <datafield tag="245" ind1="0" ind2="0">
    <subfield code="a">Israel/Palestine /</subfield>
    <subfield code="c">Israel/Palestine Center for Research and Information</subfield>
  </datafield>
  <datafield tag="264" ind1=" " ind2="1">
    <subfield code="a">Jerusalem :</subfield>
    <subfield code="b">the Center,</subfield>
    <subfield code="c">[1991?]-</subfield>
  </datafield>
  <datafield tag="710" ind1="2" ind2=" ">
    <subfield code="0">(RERO)A000091700</subfield>
    <subfield code="a">Israel/Palestine Center for Research and Information</subfield>
  </datafield>
</record>