
<record>
  <leader>00560nam a2200169 a 4500</leader>
  <controlfield tag="008">000719s1991    fr |||||| ||||00|| |fre d</controlfield>
  <datafield tag="020" ind1=" " ind2=" ">
    <subfield code="a">9782728904587</subfield>
  </datafield>
  <datafield tag="035" ind1=" " ind2=" ">
    <subfield code="a">1480420</subfield>
  </datafield>
  <datafield tag="041" ind1="1" ind2=" ">
    <subfield code="a">fre</subfield>
    <subfield code="h">ita</subfield>
  </datafield>
  <datafield tag="100" ind1="0" ind2=" ">
    <subfield code="0">(RERO)A000094919</subfield>
    <subfield code="a">Jean Paul</subfield>
    <subfield code="b">II,</subfield>
    <subfield code="c">pape,</subfield>
    <subfield code="d">1920-2005</subfield>
    <subfield code="4">cre</subfield>
  </datafield>
  <datafield tag="245" ind1="1" ind2="0">
    <subfield code="a">Doctrine et action sociales de l&apos;Eglise /</subfield>
    <subfield code="c">textes de Jean-Paul II</subfield>
  </datafield>
  <datafield tag="264" ind1=" " ind2="1">
    <subfield code="a">Paris :</subfield>
    <subfield code="b">Mame,</subfield>
    <subfield code="c">1991</subfield>
  </datafield>
  <datafield tag="300" ind1=" " ind2=" ">
    <subfield code="a">173 p. ;</subfield>
    <subfield code="c">19 cm</subfield>
  </datafield>
  <datafield tag="490" ind1="1" ind2=" ">
    <subfield code="a">Paroles d&apos;Eglise</subfield>
  </datafield>
  <datafield tag="650" ind1=" " ind2="7">
    <subfield code="0">(RERO)A009983900</subfield>
    <subfield code="a">doctrine sociale</subfield>
    <subfield code="2">rerovoc</subfield>
  </datafield>
  <datafield tag="650" ind1=" " ind2="7">
    <subfield code="0">(RERO)A021003328</subfield>
    <subfield code="a">Église catholique</subfield>
    <subfield code="2">rero</subfield>
  </datafield>
  <datafield tag="650" ind1=" " ind2="7">
    <subfield code="a">1991</subfield>
    <subfield code="2">rero</subfield>
  </datafield>
</record>