
<record>
  <leader>00408naa a22000977a 4500</leader>
  <controlfield tag="008">980412s1990    xx ||| |  ||||00|  0ger d</controlfield>
  <datafield tag="035" ind1=" " ind2=" ">
    <subfield code="a">R003450620</subfield>
  </datafield>
  <datafield tag="100" ind1="1" ind2=" ">
    <subfield code="0">(RERO)A005876397</subfield>
    <subfield code="a">Reese, Günter</subfield>
    <subfield code="4">cre</subfield>
  </datafield>
  <datafield tag="245" ind1="1" ind2="0">
    <subfield code="a">Ökumene gewinnt Profil (XII) :</subfield>
    <subfield code="b">die Partnerschaft zwischen den Kirchenkreisen Koblenz und Agusan / Philippinen /</subfield>
    <subfield code="c">von Günther Reese</subfield>
  </datafield>
  <datafield tag="264" ind1=" " ind2="1">
    <subfield code="c">1990</subfield>
  </datafield>
  <datafield tag="773" ind1="1" ind2=" ">
    <subfield code="t">Ökumenische Rundschau</subfield>
    <subfield code="g">Jg. 39, H. 4 (Okt. 1990), p. 440-453</subfield>
  </datafield>
</record>