
<record>
  <leader>00697naa a2200169 a 4500</leader>
  <controlfield tag="008">020304s1984    sz |||||| ||||00|| |fre d</controlfield>
  <datafield tag="035" ind1=" " ind2=" ">
    <subfield code="a">R003159525</subfield>
  </datafield>
  <datafield tag="100" ind1="1" ind2=" ">
    <subfield code="0">(RERO)A003112005</subfield>
    <subfield code="a">Clottu, Olivier,</subfield>
    <subfield code="d">1910-1997</subfield>
    <subfield code="4">cre</subfield>
  </datafield>
  <datafield tag="245" ind1="1" ind2="3">
    <subfield code="a">Le coffre de mariage armorié neuchâtelois /</subfield>
    <subfield code="c">par Olivier Clottu</subfield>
  </datafield>
  <datafield tag="264" ind1=" " ind2="1">
    <subfield code="a">[Var. loc.] :</subfield>
    <subfield code="b">Société suisse d&apos;héraldique,</subfield>
    <subfield code="c">1984</subfield>
  </datafield>
  <datafield tag="300" ind1=" " ind2=" ">
    <subfield code="a">P. 57-76 :</subfield>
    <subfield code="b">fig. ;</subfield>
    <subfield code="c">27 cm</subfield>
  </datafield>
  <datafield tag="650" ind1=" " ind2="7">
    <subfield code="0">(RERO)A021007842</subfield>
    <subfield code="a">Armoiries</subfield>
    <subfield code="2">rero</subfield>
  </datafield>
  <datafield tag="650" ind1=" " ind2="7">
    <subfield code="0">(RERO)A021002119</subfield>
    <subfield code="a">Mariage</subfield>
    <subfield code="2">rero</subfield>
  </datafield>
  <datafield tag="650" ind1=" " ind2="7">
    <subfield code="0">(RERO)A021017257</subfield>
    <subfield code="a">17e siècle</subfield>
    <subfield code="2">rero</subfield>
  </datafield>
  <datafield tag="650" ind1=" " ind2="7">
    <subfield code="0">(RERO)A021062969</subfield>
    <subfield code="a">Coffres</subfield>
    <subfield code="2">rero</subfield>
  </datafield>
  <datafield tag="651" ind1=" " ind2="7">
    <subfield code="0">(RERO)A010123055</subfield>
    <subfield code="a">Neuchâtel (Suisse, canton)</subfield>
    <subfield code="2">rero</subfield>
  </datafield>
  <datafield tag="773" ind1="1" ind2=" ">
    <subfield code="t">Archives héraldiques suisses. Annuaire</subfield>
    <subfield code="g">1984/57</subfield>
  </datafield>
</record>