
<record>
  <leader>01103nam a22002297a 4500</leader>
  <controlfield tag="008">000922s1999    gw ||| |  ||||00|  |ger d</controlfield>
  <datafield tag="020" ind1=" " ind2=" ">
    <subfield code="a">9783631353783</subfield>
  </datafield>
  <datafield tag="035" ind1=" " ind2=" ">
    <subfield code="a">R270732560</subfield>
  </datafield>
  <datafield tag="100" ind1="1" ind2=" ">
    <subfield code="0">(RERO)A006050060</subfield>
    <subfield code="a">Max, Charles</subfield>
    <subfield code="4">cre</subfield>
  </datafield>
  <datafield tag="245" ind1="1" ind2="0">
    <subfield code="a">Entwicklung von Kompetenz - ein neues Paradigma für das Lernen in Schule und Arbeitswelt : Ertrag und Perspektiven der französischsprachigen Kompetenzforschung und ihre Bedeutung als Gestaltungsprinzip von Bildung /</subfield>
    <subfield code="c">Charles Max</subfield>
  </datafield>
  <datafield tag="264" ind1=" " ind2="1">
    <subfield code="a">Frankfurt am Main :</subfield>
    <subfield code="b">P. Lang,</subfield>
    <subfield code="c">[1999]</subfield>
  </datafield>
  <datafield tag="264" ind1=" " ind2="4">
    <subfield code="c">© 1999</subfield>
  </datafield>
  <datafield tag="300" ind1=" " ind2=" ">
    <subfield code="a">506 S. :</subfield>
    <subfield code="b">Abb. ;</subfield>
    <subfield code="c">21 cm</subfield>
  </datafield>
  <datafield tag="490" ind1="1" ind2=" ">
    <subfield code="a">Europäische Hochschulschriften. Reihe 11, Pädagogik</subfield>
    <subfield code="v">Bd. 796</subfield>
  </datafield>
  <datafield tag="500" ind1=" " ind2=" ">
    <subfield code="a">Buchhandelsausg. der Diss. Frankfurt (Main), 1999</subfield>
  </datafield>
  <datafield tag="650" ind1=" " ind2="7">
    <subfield code="0">(RERO)A010067202</subfield>
    <subfield code="a">compétence - développement</subfield>
    <subfield code="2">rerovoc</subfield>
  </datafield>
  <datafield tag="650" ind1=" " ind2="7">
    <subfield code="0">(RERO)A021003263</subfield>
    <subfield code="a">Enseignement</subfield>
    <subfield code="2">rero</subfield>
  </datafield>
  <datafield tag="650" ind1=" " ind2="7">
    <subfield code="0">(RERO)A021100956</subfield>
    <subfield code="a">Français (langue)</subfield>
    <subfield code="2">rero</subfield>
  </datafield>
  <datafield tag="650" ind1=" " ind2="7">
    <subfield code="0">(RERO)A021002305</subfield>
    <subfield code="a">Psychologie de l&apos;éducation</subfield>
    <subfield code="2">rero</subfield>
  </datafield>
  <datafield tag="650" ind1=" " ind2="7">
    <subfield code="0">(RERO)A021015676</subfield>
    <subfield code="a">Travail</subfield>
    <subfield code="2">rero</subfield>
  </datafield>
  <datafield tag="650" ind1=" " ind2="7">
    <subfield code="0">(RERO)A021067527</subfield>
    <subfield code="a">Sociologie</subfield>
    <subfield code="2">rero</subfield>
  </datafield>
  <datafield tag="650" ind1=" " ind2="7">
    <subfield code="0">(RERO)A021088942</subfield>
    <subfield code="a">Apprentissage</subfield>
    <subfield code="2">rero</subfield>
  </datafield>
</record>