
<record>
  <leader>00727nas a22001572a 4500</leader>
  <controlfield tag="008">001004d19679999sz |||m|  ||||0 |  0ger d</controlfield>
  <datafield tag="035" ind1=" " ind2=" ">
    <subfield code="a">R275202660</subfield>
  </datafield>
  <datafield tag="041" ind1="0" ind2=" ">
    <subfield code="a">ger</subfield>
    <subfield code="a">fre</subfield>
    <subfield code="a">ita</subfield>
  </datafield>
  <datafield tag="245" ind1="0" ind2="0">
    <subfield code="a">Schriftenreihe / Schweizerische Vereinigung für Ernährung =</subfield>
    <subfield code="b">Série de cahiers / Association suisse pour l&apos;alimentation = Collana di opuscoli / Associazione svizzera per l&apos;alimentazione</subfield>
  </datafield>
  <datafield tag="264" ind1=" " ind2="1">
    <subfield code="a">Bern :</subfield>
    <subfield code="b">Schweizerische Vereinigung für Ernährung,</subfield>
    <subfield code="c">1967-&gt;</subfield>
  </datafield>
  <datafield tag="300" ind1=" " ind2=" ">
    <subfield code="c">21 cm</subfield>
  </datafield>
  <datafield tag="650" ind1=" " ind2="7">
    <subfield code="0">(RERO)A021065105</subfield>
    <subfield code="a">Alimentation</subfield>
    <subfield code="2">rero</subfield>
  </datafield>
  <datafield tag="650" ind1=" " ind2="7">
    <subfield code="0">(RERO)A021006421</subfield>
    <subfield code="a">Hygiène</subfield>
    <subfield code="2">rero</subfield>
  </datafield>
  <datafield tag="651" ind1=" " ind2="7">
    <subfield code="0">(RERO)A010021522</subfield>
    <subfield code="a">Suisse</subfield>
    <subfield code="2">rero</subfield>
  </datafield>
  <datafield tag="655" ind1=" " ind2="7">
    <subfield code="0">(RERO)A023191813</subfield>
    <subfield code="a">[Publications officielles]</subfield>
    <subfield code="2">rero</subfield>
  </datafield>
  <datafield tag="710" ind1="2" ind2=" ">
    <subfield code="0">(RERO)A000013078</subfield>
    <subfield code="a">Association suisse pour l&apos;alimentation</subfield>
  </datafield>
</record>