
<record>
  <leader>01043ngm a2200193 a 4500</leader>
  <controlfield tag="008">010914s2001    fr ||| |  ||||  |  |fre d</controlfield>
  <datafield tag="035" ind1=" " ind2=" ">
    <subfield code="a">R003090327</subfield>
  </datafield>
  <datafield tag="245" ind1="0" ind2="3">
    <subfield code="a">Le dimanche :</subfield>
    <subfield code="b">une enquête sentimentale = Mein Sonntag, dein Sonntag.../</subfield>
    <subfield code="c">Réal. Maryse Bergonzat ; musique Gilles Carles</subfield>
  </datafield>
  <datafield tag="264" ind1=" " ind2="1">
    <subfield code="a">[Lieu de publication non identifié] :</subfield>
    <subfield code="b">SZ ;</subfield>
    <subfield code="a">[Paris] :</subfield>
    <subfield code="b">Arte France [prod.],</subfield>
    <subfield code="c">[2001]</subfield>
  </datafield>
  <datafield tag="264" ind1=" " ind2="3">
    <subfield code="a">Strasbourg :</subfield>
    <subfield code="b">Arte [diffuseur],</subfield>
    <subfield code="c">2001</subfield>
  </datafield>
  <datafield tag="264" ind1=" " ind2="4">
    <subfield code="c">© 2001</subfield>
  </datafield>
  <datafield tag="300" ind1=" " ind2=" ">
    <subfield code="a">1 vidéocassette [VHS] (60 min.) :</subfield>
    <subfield code="b">couleur PAL</subfield>
  </datafield>
  <datafield tag="500" ind1=" " ind2=" ">
    <subfield code="a">Diffusé le 1er juillet 2001</subfield>
  </datafield>
  <datafield tag="520" ind1="8" ind2=" ">
    <subfield code="a">Les journées du dimanche procurent chez chacun de nous des sentiments de plaisir ou de déplaisir. C&apos;est à partir de ses souvenirs d&apos;enfance que la réalisatrice propose ses réflexions sur ce jour si particulier.</subfield>
    <subfield code="9">geumem/09.2001</subfield>
  </datafield>
  <datafield tag="650" ind1=" " ind2="7">
    <subfield code="0">(RERO)A021065281</subfield>
    <subfield code="a">Loisir</subfield>
    <subfield code="2">rero</subfield>
  </datafield>
  <datafield tag="650" ind1=" " ind2="7">
    <subfield code="0">(RERO)A021003323</subfield>
    <subfield code="a">Dimanche</subfield>
    <subfield code="2">rero</subfield>
  </datafield>
  <datafield tag="650" ind1=" " ind2="7">
    <subfield code="0">(RERO)A021014827</subfield>
    <subfield code="a">Repos</subfield>
    <subfield code="2">rero</subfield>
  </datafield>
  <datafield tag="655" ind1=" " ind2="7">
    <subfield code="0">(RERO)A009950066</subfield>
    <subfield code="a">[enregistrement vidéo]</subfield>
    <subfield code="2">rerovoc</subfield>
  </datafield>
  <datafield tag="700" ind1="1" ind2=" ">
    <subfield code="0">(RERO)A006417184</subfield>
    <subfield code="a">Bergonzat, Maryse</subfield>
  </datafield>
</record>