
<record>
  <leader>00730nam a2200157 a 4500</leader>
  <controlfield tag="008">110812s2010    ua ||| |  ||||00|  |ara d</controlfield>
  <datafield tag="020" ind1=" " ind2=" ">
    <subfield code="a">9789773862084</subfield>
  </datafield>
  <datafield tag="035" ind1=" " ind2=" ">
    <subfield code="a">R006124426</subfield>
  </datafield>
  <datafield tag="100" ind1="1" ind2=" ">
    <subfield code="0">(RERO)A019007091</subfield>
    <subfield code="6">880-01</subfield>
    <subfield code="a">Yūsuf, Muṣṭafá</subfield>
    <subfield code="4">cre</subfield>
  </datafield>
  <datafield tag="245" ind1="1" ind2="3">
    <subfield code="6">880-02</subfield>
    <subfield code="a">al-Ḥimāyah al-qānūnīyah lil-muttaham fī marḥalat al-taḥqīq /</subfield>
    <subfield code="c">Muṣṭafá Yūsuf</subfield>
  </datafield>
  <datafield tag="264" ind1=" " ind2="1">
    <subfield code="6">880-04</subfield>
    <subfield code="a">al-Qāhirah :</subfield>
    <subfield code="b">[éditeur non identifié],</subfield>
    <subfield code="c">2010</subfield>
  </datafield>
  <datafield tag="300" ind1=" " ind2=" ">
    <subfield code="a">141 p.</subfield>
  </datafield>
  <datafield tag="880" ind1="1" ind2=" ">
    <subfield code="6">100-01/(3/r</subfield>
    <subfield code="a">يوسف، مصطفى</subfield>
  </datafield>
  <datafield tag="880" ind1="1" ind2="2">
    <subfield code="6">245-02/(3/r</subfield>
    <subfield code="a">الحماية القانونية للمتهم في مرحلة التحقيق /</subfield>
    <subfield code="c">مصطفى يوسف</subfield>
  </datafield>
  <datafield tag="880" ind1=" " ind2=" ">
    <subfield code="6">250-03/(3/r</subfield>
    <subfield code="a">الطبعة 2 مزيدة و منقحة</subfield>
  </datafield>
  <datafield tag="880" ind1=" " ind2="1">
    <subfield code="6">264-04/(3/r</subfield>
    <subfield code="a">القاهرة :</subfield>
    <subfield code="b">[ب.ن.],</subfield>
    <subfield code="c">2010</subfield>
  </datafield>
</record>