
<record>
  <leader>00406naa a22000977a 4500</leader>
  <controlfield tag="008">980412s1989    xx ||| |  ||||00|  0eng d</controlfield>
  <datafield tag="035" ind1=" " ind2=" ">
    <subfield code="a">R003445522</subfield>
  </datafield>
  <datafield tag="100" ind1="1" ind2=" ">
    <subfield code="0">(RERO)A009691511</subfield>
    <subfield code="a">Wickeri, Philip L</subfield>
    <subfield code="4">cre</subfield>
  </datafield>
  <datafield tag="245" ind1="1" ind2="0">
    <subfield code="a">Development service and China&apos;s modernization :</subfield>
    <subfield code="b">the Amity Foundation in theological perspective /</subfield>
    <subfield code="c">Philip L. Wickeri</subfield>
  </datafield>
  <datafield tag="264" ind1=" " ind2="1">
    <subfield code="c">1989</subfield>
  </datafield>
  <datafield tag="773" ind1="1" ind2=" ">
    <subfield code="t">Ecumenical review : a quarterly</subfield>
    <subfield code="g">v. 41 (January 1989), no. 41, p. 78-87</subfield>
  </datafield>
</record>