
<record>
  <leader>00856nam a2200205 a 4500</leader>
  <controlfield tag="008">000926s1999    it |||||| ||||00|  |ita d</controlfield>
  <datafield tag="020" ind1=" " ind2=" ">
    <subfield code="a">9788830708235</subfield>
  </datafield>
  <datafield tag="035" ind1=" " ind2=" ">
    <subfield code="a">R267742060</subfield>
  </datafield>
  <datafield tag="100" ind1="1" ind2=" ">
    <subfield code="0">(RERO)A006104711</subfield>
    <subfield code="a">Morali, Ilaria</subfield>
    <subfield code="4">cre</subfield>
  </datafield>
  <datafield tag="245" ind1="1" ind2="3">
    <subfield code="a">La salvezza dei non cristiani :</subfield>
    <subfield code="b">l&apos;influsso di Henri de Lubac sulla dottrina del Vaticano II /</subfield>
    <subfield code="c">Ilaria Morali</subfield>
  </datafield>
  <datafield tag="264" ind1=" " ind2="1">
    <subfield code="a">Bologna :</subfield>
    <subfield code="b">E.M.I.,</subfield>
    <subfield code="c">1999</subfield>
  </datafield>
  <datafield tag="300" ind1=" " ind2=" ">
    <subfield code="a">364 p. ;</subfield>
    <subfield code="c">21 cm</subfield>
  </datafield>
  <datafield tag="490" ind1="1" ind2=" ">
    <subfield code="a">La missione. Sezione teologica</subfield>
  </datafield>
  <datafield tag="600" ind1="1" ind2="7">
    <subfield code="0">(RERO)A010199551</subfield>
    <subfield code="a">Lubac, Henri de</subfield>
    <subfield code="c">(cardinal) - influence exercée</subfield>
    <subfield code="2">rero</subfield>
  </datafield>
  <datafield tag="611" ind1="2" ind2="0">
    <subfield code="a">Vatican Council</subfield>
    <subfield code="n">(2nd :</subfield>
    <subfield code="d">1962-1965)</subfield>
  </datafield>
  <datafield tag="611" ind1="2" ind2="7">
    <subfield code="0">(RERO)A010067471</subfield>
    <subfield code="a">Concile de Vatican 2</subfield>
    <subfield code="d">(1962-1965) - influence reçue</subfield>
    <subfield code="2">rero</subfield>
  </datafield>
  <datafield tag="650" ind1=" " ind2="0">
    <subfield code="a">Universalism</subfield>
  </datafield>
  <datafield tag="650" ind1=" " ind2="7">
    <subfield code="0">(RERO)A021065136</subfield>
    <subfield code="a">Christianisme</subfield>
    <subfield code="2">rero</subfield>
  </datafield>
  <datafield tag="650" ind1=" " ind2="7">
    <subfield code="0">(RERO)A010124063</subfield>
    <subfield code="a">non-chrétien</subfield>
    <subfield code="2">rerovoc</subfield>
  </datafield>
  <datafield tag="650" ind1=" " ind2="7">
    <subfield code="0">(RERO)A021006088</subfield>
    <subfield code="a">Salut</subfield>
    <subfield code="2">rero</subfield>
  </datafield>
</record>