
<record>
  <leader>00904nam a2200181 a 4500</leader>
  <controlfield tag="008">880916s1984    it |||||| ||||00|| |ita d</controlfield>
  <datafield tag="020" ind1=" " ind2=" ">
    <subfield code="a">9788871070179</subfield>
  </datafield>
  <datafield tag="035" ind1=" " ind2=" ">
    <subfield code="a">1019047</subfield>
  </datafield>
  <datafield tag="100" ind1="1" ind2=" ">
    <subfield code="0">(RERO)A003423698</subfield>
    <subfield code="a">Jemolo, Viviana</subfield>
    <subfield code="4">cre</subfield>
  </datafield>
  <datafield tag="245" ind1="1" ind2="0">
    <subfield code="a">Guida ad una descrizione catalografica uniforme del manoscritto /</subfield>
    <subfield code="c">a cura di Viviana Jemolo e Mirella Morelli</subfield>
  </datafield>
  <datafield tag="264" ind1=" " ind2="1">
    <subfield code="a">Roma :</subfield>
    <subfield code="b">Istituto centrale per il catalogo unico delle biblioteche italiane e per le informazioni bibliografiche,</subfield>
    <subfield code="c">1984</subfield>
  </datafield>
  <datafield tag="300" ind1=" " ind2=" ">
    <subfield code="a">89 p. ;</subfield>
    <subfield code="c">24 cm</subfield>
  </datafield>
  <datafield tag="650" ind1=" " ind2="7">
    <subfield code="0">(RERO)A021001202</subfield>
    <subfield code="a">Catalogage</subfield>
    <subfield code="2">rero</subfield>
  </datafield>
  <datafield tag="650" ind1=" " ind2="7">
    <subfield code="0">(RERO)A021006816</subfield>
    <subfield code="a">Description bibliographique</subfield>
    <subfield code="2">rero</subfield>
  </datafield>
  <datafield tag="650" ind1=" " ind2="7">
    <subfield code="0">(RERO)A021065160</subfield>
    <subfield code="a">Manuscrits</subfield>
    <subfield code="2">rero</subfield>
  </datafield>
  <datafield tag="655" ind1=" " ind2="7">
    <subfield code="0">(RERO)A021098695</subfield>
    <subfield code="a">[Manuels d&apos;enseignement]</subfield>
    <subfield code="2">rero</subfield>
  </datafield>
  <datafield tag="700" ind1="1" ind2=" ">
    <subfield code="0">(RERO)A003608847</subfield>
    <subfield code="a">Morelli, Mirella</subfield>
  </datafield>
  <datafield tag="710" ind1="2" ind2=" ">
    <subfield code="0">(RERO)A000091860</subfield>
    <subfield code="a">Istituto centrale per il catalogo unico delle biblioteche italiane e per le informazioni bibliografiche</subfield>
  </datafield>
</record>