
<record>
  <leader>01032nam a22001572a 4500</leader>
  <controlfield tag="008">110218s1989    fr ||| |  ||||00|  |fre d</controlfield>
  <datafield tag="020" ind1=" " ind2=" ">
    <subfield code="a">9782877060547</subfield>
  </datafield>
  <datafield tag="035" ind1=" " ind2=" ">
    <subfield code="a">R006027722</subfield>
  </datafield>
  <datafield tag="100" ind1="1" ind2=" ">
    <subfield code="0">(RERO)A003665142</subfield>
    <subfield code="a">Pagnol, Marcel</subfield>
    <subfield code="4">cre</subfield>
  </datafield>
  <datafield tag="245" ind1="1" ind2="0">
    <subfield code="a">Jean de Florette /</subfield>
    <subfield code="c">Marcel Pagnol</subfield>
  </datafield>
  <datafield tag="264" ind1=" " ind2="1">
    <subfield code="a">Paris :</subfield>
    <subfield code="b">Fallois,</subfield>
    <subfield code="c">1989</subfield>
  </datafield>
  <datafield tag="300" ind1=" " ind2=" ">
    <subfield code="a">318 p. ;</subfield>
    <subfield code="c">17 cm</subfield>
  </datafield>
  <datafield tag="490" ind1="0" ind2=" ">
    <subfield code="a">Fortunio</subfield>
    <subfield code="v">5</subfield>
  </datafield>
  <datafield tag="490" ind1="0" ind2=" ">
    <subfield code="a">L&apos;eau des collines / Marcel Pagnol</subfield>
    <subfield code="v">1</subfield>
  </datafield>
  <datafield tag="520" ind1="8" ind2=" ">
    <subfield code="a">&quot;Le Papet&quot; lorgne sur le terrain du voisin qui contient une source, véritable trésor, pour les Provençaux. Il aimerait pouvoir l&apos;offrir à son neveu Ugolin. Mais cela ne va pas être facile lorsque Jean de Florette, héritier du voisin défunt, arrive sur place.</subfield>
    <subfield code="9">vdoron/10.2012</subfield>
  </datafield>
  <datafield tag="520" ind1="8" ind2=" ">
    <subfield code="a">Récit simple et puissant d&apos;une lutte pour la vie, histoire d&apos;un crime et de son châtiment, drame d&apos;une vengeance, tragédie familiale, conflits de coeurs purs et des âmes fortes, opposant un jeune citadin plein de fraîcheur et d&apos;enthousiasme à deux paysans durs, âpres, sournois, fermés, implacables.</subfield>
    <subfield code="9">vdcopp/01.2015</subfield>
  </datafield>
</record>