
<record>
  <leader>00572nam a2200157 a 4500</leader>
  <controlfield tag="008">000921s1999    fr |||||| ||||00|  |fre d</controlfield>
  <datafield tag="020" ind1=" " ind2=" ">
    <subfield code="a">9782842002237</subfield>
  </datafield>
  <datafield tag="035" ind1=" " ind2=" ">
    <subfield code="a">R270072160</subfield>
  </datafield>
  <datafield tag="100" ind1="1" ind2=" ">
    <subfield code="0">(RERO)A006022356</subfield>
    <subfield code="a">Rebourg, Muriel</subfield>
    <subfield code="4">cre</subfield>
  </datafield>
  <datafield tag="245" ind1="1" ind2="0">
    <subfield code="a">Droit des sociétés et des autres groupements /</subfield>
    <subfield code="c">Muriel Rebourg</subfield>
  </datafield>
  <datafield tag="264" ind1=" " ind2="1">
    <subfield code="a">Paris :</subfield>
    <subfield code="b">Gualino,</subfield>
    <subfield code="c">1999</subfield>
  </datafield>
  <datafield tag="300" ind1=" " ind2=" ">
    <subfield code="a">198 p. ;</subfield>
    <subfield code="c">24 cm</subfield>
  </datafield>
  <datafield tag="490" ind1="1" ind2=" ">
    <subfield code="a">Collection Fac universités. Mémentos</subfield>
  </datafield>
  <datafield tag="650" ind1=" " ind2="7">
    <subfield code="0">(RERO)A010028884</subfield>
    <subfield code="a">société (droit)</subfield>
    <subfield code="2">rerovoc</subfield>
  </datafield>
  <datafield tag="651" ind1=" " ind2="7">
    <subfield code="0">(RERO)A010085019</subfield>
    <subfield code="a">France</subfield>
    <subfield code="2">rero</subfield>
  </datafield>
  <datafield tag="655" ind1=" " ind2="7">
    <subfield code="0">(RERO)A021098695</subfield>
    <subfield code="a">[Manuels d&apos;enseignement]</subfield>
    <subfield code="2">rero</subfield>
  </datafield>
</record>