
<record>
  <leader>00288naa a22000857a 4500</leader>
  <controlfield tag="008">980412s1966    xx ||| |  ||||00|  0eng d</controlfield>
  <datafield tag="035" ind1=" " ind2=" ">
    <subfield code="a">R003446524</subfield>
  </datafield>
  <datafield tag="245" ind1="0" ind2="0">
    <subfield code="a">Central Committee of WCC Holds Annual Session at Geneva</subfield>
  </datafield>
  <datafield tag="264" ind1=" " ind2="1">
    <subfield code="c">1966</subfield>
  </datafield>
  <datafield tag="773" ind1="1" ind2=" ">
    <subfield code="t">Unitas : international ecumenical review</subfield>
    <subfield code="g">vol. 18, Spring 1966, p. 63-66</subfield>
  </datafield>
</record>