
<record>
  <leader>00671nam a2200157 a 4500</leader>
  <controlfield tag="008">000727s1988    it |||||| ||||00|| |ita d</controlfield>
  <datafield tag="020" ind1=" " ind2=" ">
    <subfield code="a">9788831191685</subfield>
  </datafield>
  <datafield tag="035" ind1=" " ind2=" ">
    <subfield code="a">1052600</subfield>
  </datafield>
  <datafield tag="041" ind1="0" ind2=" ">
    <subfield code="a">ita</subfield>
    <subfield code="a">lat</subfield>
  </datafield>
  <datafield tag="100" ind1="0" ind2=" ">
    <subfield code="0">(RERO)A000006623</subfield>
    <subfield code="a">Ambrosius,</subfield>
    <subfield code="c">évêque de Milan, saint</subfield>
    <subfield code="4">cre</subfield>
  </datafield>
  <datafield tag="245" ind1="1" ind2="0">
    <subfield code="a">Epistulae :</subfield>
    <subfield code="b">(I-XXXV) /</subfield>
    <subfield code="c">recensuit Otto Faller = Lettere : (1-35) / introd., trad., note e indici di Gabriele Banterle</subfield>
  </datafield>
  <datafield tag="264" ind1=" " ind2="1">
    <subfield code="a">Milano :</subfield>
    <subfield code="b">Biblioteca Ambrosiana ;</subfield>
    <subfield code="a">Roma :</subfield>
    <subfield code="b">Città nuova,</subfield>
    <subfield code="c">1988</subfield>
  </datafield>
  <datafield tag="300" ind1=" " ind2=" ">
    <subfield code="a">370 p. ;</subfield>
    <subfield code="c">24 cm</subfield>
  </datafield>
  <datafield tag="490" ind1="1" ind2=" ">
    <subfield code="a">Sancti Ambrosii Episcopi Mediolanensis opera</subfield>
    <subfield code="v">19. Discorsi e lettere ; 2,1</subfield>
  </datafield>
  <datafield tag="700" ind1="1" ind2=" ">
    <subfield code="0">(RERO)A003230341</subfield>
    <subfield code="a">Faller, Otto</subfield>
  </datafield>
  <datafield tag="700" ind1="1" ind2=" ">
    <subfield code="0">(RERO)A002966602</subfield>
    <subfield code="a">Banterle, Gabriele</subfield>
  </datafield>
</record>