
<record>
  <leader>00455nam a2200121 a 4500</leader>
  <controlfield tag="008">860924s1983    gw |||||| ||||00|| |ger d</controlfield>
  <datafield tag="020" ind1=" " ind2=" ">
    <subfield code="a">9783790503951</subfield>
  </datafield>
  <datafield tag="035" ind1=" " ind2=" ">
    <subfield code="a">0755991</subfield>
  </datafield>
  <datafield tag="100" ind1="1" ind2=" ">
    <subfield code="0">(RERO)A003462134</subfield>
    <subfield code="a">Knobloch, Winfried</subfield>
    <subfield code="4">cre</subfield>
  </datafield>
  <datafield tag="245" ind1="1" ind2="0">
    <subfield code="a">Modelleisenbahnen elektronisch gesteuert /</subfield>
    <subfield code="c">Winfried Knobloch.</subfield>
    <subfield code="n">Bd. 2,</subfield>
    <subfield code="p">Impulssteuerungen, NF-Zugbeleuchtung und Peripherie-Elektroniken</subfield>
  </datafield>
  <datafield tag="264" ind1=" " ind2="1">
    <subfield code="a">München :</subfield>
    <subfield code="b">R. Pflaum,</subfield>
    <subfield code="c">[1983]</subfield>
  </datafield>
  <datafield tag="264" ind1=" " ind2="4">
    <subfield code="c">© 1983</subfield>
  </datafield>
  <datafield tag="300" ind1=" " ind2=" ">
    <subfield code="a">169 p. :</subfield>
    <subfield code="b">ill. ;</subfield>
    <subfield code="c">21 cm</subfield>
  </datafield>
</record>