
<record>
  <leader>01370naa a22002412a 4500</leader>
  <controlfield tag="008">970725m19031905sz ||| |  ||||00|  |ger d</controlfield>
  <datafield tag="035" ind1=" " ind2=" ">
    <subfield code="a">bv01003517</subfield>
  </datafield>
  <datafield tag="245" ind1="0" ind2="4">
    <subfield code="a">Die Praxis des aargauischen Obergerichts in Steuersachen</subfield>
  </datafield>
  <datafield tag="264" ind1=" " ind2="1">
    <subfield code="a">Aarau :</subfield>
    <subfield code="b">H.R. Sauerländer,</subfield>
    <subfield code="c">[1903-1905]</subfield>
  </datafield>
  <datafield tag="300" ind1=" " ind2=" ">
    <subfield code="a">3 Hefte ;</subfield>
    <subfield code="c">24 cm</subfield>
  </datafield>
  <datafield tag="500" ind1=" " ind2=" ">
    <subfield code="a">Autre titre: Spruchpraxis des Obergerichts und der Abteilung für Civilsachen am Obergericht in Steuerstreitsachen</subfield>
  </datafield>
  <datafield tag="500" ind1=" " ind2=" ">
    <subfield code="a">Heft 2 u. 3 u.d.T.: Die Spruchpraxis des Obergerichts und der Abteilung für Civilsachen am Obergericht in Steuerstreitsachen</subfield>
  </datafield>
  <datafield tag="650" ind1=" " ind2="7">
    <subfield code="0">jurivoc000000140ger</subfield>
    <subfield code="a">Abgaberecht</subfield>
    <subfield code="2">jurivoc</subfield>
    <subfield code="9">ger</subfield>
  </datafield>
  <datafield tag="650" ind1=" " ind2="7">
    <subfield code="0">jurivoc000021368ger</subfield>
    <subfield code="a">Steuer</subfield>
    <subfield code="2">jurivoc</subfield>
    <subfield code="9">ger</subfield>
  </datafield>
  <datafield tag="650" ind1=" " ind2="7">
    <subfield code="0">jurivoc000009624ger</subfield>
    <subfield code="a">Gerichts- und Verwaltungspraxis</subfield>
    <subfield code="2">jurivoc</subfield>
    <subfield code="9">ger</subfield>
  </datafield>
  <datafield tag="650" ind1=" " ind2="7">
    <subfield code="0">jurivoc000018932ger</subfield>
    <subfield code="a">richterliche Behörde</subfield>
    <subfield code="2">jurivoc</subfield>
    <subfield code="9">ger</subfield>
  </datafield>
  <datafield tag="650" ind1=" " ind2="7">
    <subfield code="0">jurivoc000012350ger</subfield>
    <subfield code="a">kantonale Behörde</subfield>
    <subfield code="2">jurivoc</subfield>
    <subfield code="9">ger</subfield>
  </datafield>
  <datafield tag="651" ind1=" " ind2="7">
    <subfield code="0">jurivoc000019912ger</subfield>
    <subfield code="a">Schweiz</subfield>
    <subfield code="2">jurivoc</subfield>
    <subfield code="9">ger</subfield>
  </datafield>
  <datafield tag="651" ind1=" " ind2="7">
    <subfield code="0">jurivoc000000070ger</subfield>
    <subfield code="a">Aargau</subfield>
    <subfield code="2">jurivoc</subfield>
    <subfield code="9">ger</subfield>
  </datafield>
  <datafield tag="655" ind1=" " ind2="7">
    <subfield code="0">jurivoc000006982ger</subfield>
    <subfield code="a">Entscheidsammlung</subfield>
    <subfield code="2">jurivoc</subfield>
    <subfield code="9">ger</subfield>
  </datafield>
  <datafield tag="773" ind1="1" ind2=" ">
    <subfield code="t">Vierteljahresschrift für aargauische Rechtsprechung</subfield>
    <subfield code="g">Jg. 3 (1903), H. 2, S. 84-122</subfield>
  </datafield>
  <datafield tag="773" ind1="1" ind2=" ">
    <subfield code="t">Vierteljahresschrift für aargauische Rechtsprechung</subfield>
    <subfield code="g">Jg. 4 (1904), S. 193-219</subfield>
  </datafield>
  <datafield tag="773" ind1="1" ind2=" ">
    <subfield code="t">Vierteljahresschrift für aargauische Rechtsprechung</subfield>
    <subfield code="g">Jg. 5 (1905), H. 3, S. 98-124</subfield>
  </datafield>
</record>