
<record>
  <leader>00646naa a2200133 a 4500</leader>
  <controlfield tag="008">110605s1983    xx ||| |  ||||00|  |fre d</controlfield>
  <datafield tag="035" ind1=" " ind2=" ">
    <subfield code="a">R006421229</subfield>
  </datafield>
  <datafield tag="100" ind1="1" ind2=" ">
    <subfield code="0">(RERO)A003082311</subfield>
    <subfield code="a">Cassina, Gaëtan</subfield>
    <subfield code="4">cre</subfield>
  </datafield>
  <datafield tag="245" ind1="1" ind2="0">
    <subfield code="a">Qui a vu un meuble d&apos;Alexandre Mayer ? :</subfield>
    <subfield code="b">un ébéniste souabe en Bas-Valais : 1670-1710 /</subfield>
    <subfield code="c">Gaëtan Cassina</subfield>
  </datafield>
  <datafield tag="264" ind1=" " ind2="1">
    <subfield code="a">[Lieu de publication non identifié] :</subfield>
    <subfield code="b">[Nos monuments d&apos;art et d&apos;histoire],</subfield>
    <subfield code="c">[1983?]</subfield>
  </datafield>
  <datafield tag="300" ind1=" " ind2=" ">
    <subfield code="a">P. 323-331</subfield>
  </datafield>
  <datafield tag="500" ind1=" " ind2=" ">
    <subfield code="a">Photocopies</subfield>
  </datafield>
  <datafield tag="500" ind1=" " ind2=" ">
    <subfield code="a">Texte publié pour les 70 ans d&apos;André Donnet dans: &quot;Nos monuments d&apos;art et d&apos;histoire&quot;, 1983, Année 34, no 3, p. 322-331</subfield>
  </datafield>
  <datafield tag="700" ind1="1" ind2=" ">
    <subfield code="0">(RERO)A012506149</subfield>
    <subfield code="a">Mayer, Alexandre,</subfield>
    <subfield code="c">ébéniste</subfield>
  </datafield>
</record>