
<record>
  <leader>00379nam a22001092a 4500</leader>
  <controlfield tag="008">110218s2001    be ||| |  ||||00|  |fre d</controlfield>
  <datafield tag="020" ind1=" " ind2=" ">
    <subfield code="a">9782871300441</subfield>
  </datafield>
  <datafield tag="035" ind1=" " ind2=" ">
    <subfield code="a">R006029025</subfield>
  </datafield>
  <datafield tag="245" ind1="0" ind2="0">
    <subfield code="a">Classification décimale universelle [CDU]</subfield>
  </datafield>
  <datafield tag="264" ind1=" " ind2="1">
    <subfield code="a">Liège :</subfield>
    <subfield code="b">Centre d&apos;édition, de fournitures et d&apos;aide à la lecture,</subfield>
    <subfield code="c">2001</subfield>
  </datafield>
  <datafield tag="300" ind1=" " ind2=" ">
    <subfield code="a">292 p. ;</subfield>
    <subfield code="c">24 cm</subfield>
  </datafield>
  <datafield tag="710" ind1="2" ind2=" ">
    <subfield code="0">(RERO)A000164837</subfield>
    <subfield code="a">UDC Consortium (The Hague)</subfield>
  </datafield>
</record>