
<record>
  <leader>00652nam a22001452a 4500</leader>
  <controlfield tag="008">110218s2004    be ||| |  ||||00|  |fre d</controlfield>
  <datafield tag="020" ind1=" " ind2=" ">
    <subfield code="a">9782205055337</subfield>
  </datafield>
  <datafield tag="035" ind1=" " ind2=" ">
    <subfield code="a">R006034225</subfield>
  </datafield>
  <datafield tag="100" ind1="0" ind2=" ">
    <subfield code="0">(RERO)A027242837</subfield>
    <subfield code="a">Bérik,</subfield>
    <subfield code="d">1967-</subfield>
    <subfield code="4">cre</subfield>
  </datafield>
  <datafield tag="245" ind1="1" ind2="0">
    <subfield code="a">Pluie d&apos;étoiles /</subfield>
    <subfield code="c">Bérik</subfield>
  </datafield>
  <datafield tag="264" ind1=" " ind2="1">
    <subfield code="a">Bruxelles :</subfield>
    <subfield code="b">Lombard,</subfield>
    <subfield code="c">2004</subfield>
  </datafield>
  <datafield tag="300" ind1=" " ind2=" ">
    <subfield code="a">46 p. ;</subfield>
    <subfield code="c">30 cm</subfield>
  </datafield>
  <datafield tag="490" ind1="0" ind2=" ">
    <subfield code="a">Sylvain et Sylvette / Bérik</subfield>
    <subfield code="v">48</subfield>
  </datafield>
  <datafield tag="520" ind1="8" ind2=" ">
    <subfield code="a">Des étoiles filantes, une soucoupe volante, des extraterrestres et les Compères qui attaquent de nuit : une nouvelle aventure pleine de rebondissements distillant quelques petites leçons d&apos;astronomie</subfield>
    <subfield code="9">vsbcvs/07.2014</subfield>
  </datafield>
  <datafield tag="655" ind1=" " ind2="7">
    <subfield code="0">(RERO)A021001131</subfield>
    <subfield code="a">[Bandes dessinées]</subfield>
    <subfield code="2">rero</subfield>
  </datafield>
</record>