
<record>
  <leader>00906nam a2200193 a 4500</leader>
  <controlfield tag="008">860515s1984    gw |||||| ||||00|| |ger d</controlfield>
  <datafield tag="020" ind1=" " ind2=" ">
    <subfield code="a">9783421028228</subfield>
  </datafield>
  <datafield tag="035" ind1=" " ind2=" ">
    <subfield code="a">0711741</subfield>
  </datafield>
  <datafield tag="100" ind1="1" ind2=" ">
    <subfield code="0">(RERO)A003012998</subfield>
    <subfield code="a">Blaser, Werner</subfield>
    <subfield code="4">cre</subfield>
  </datafield>
  <datafield tag="245" ind1="1" ind2="0">
    <subfield code="a">Element - System - Möbel :</subfield>
    <subfield code="b">Wege von der Architektur zum Design /</subfield>
    <subfield code="c">Werner Blaser ; mit einer Einführung von Rudolf Baresel-Bofinger und Beitr. von Hans Gugelot</subfield>
  </datafield>
  <datafield tag="264" ind1=" " ind2="1">
    <subfield code="a">Stuttgart :</subfield>
    <subfield code="b">Deutsche Verlags-Anstalt,</subfield>
    <subfield code="c">[1984]</subfield>
  </datafield>
  <datafield tag="264" ind1=" " ind2="4">
    <subfield code="c">© 1984</subfield>
  </datafield>
  <datafield tag="300" ind1=" " ind2=" ">
    <subfield code="a">159 p. :</subfield>
    <subfield code="b">en majeure partie des ill. en noir et en coul., portr. ;</subfield>
    <subfield code="c">23 x 25 cm</subfield>
  </datafield>
  <datafield tag="600" ind1="1" ind2="7">
    <subfield code="0">(RERO)A010092207</subfield>
    <subfield code="a">Gugelot, Hans</subfield>
    <subfield code="2">rero</subfield>
  </datafield>
  <datafield tag="610" ind1="2" ind2="7">
    <subfield code="0">(RERO)A010083408</subfield>
    <subfield code="a">Firma Wilhelm Bofinger (Stuttgart)</subfield>
    <subfield code="2">rero</subfield>
  </datafield>
  <datafield tag="650" ind1=" " ind2="7">
    <subfield code="0">(RERO)A021019934</subfield>
    <subfield code="a">Architecture intérieure</subfield>
    <subfield code="2">rero</subfield>
  </datafield>
  <datafield tag="650" ind1=" " ind2="7">
    <subfield code="0">(RERO)A022488830</subfield>
    <subfield code="a">20e siècle (2e moitié)</subfield>
    <subfield code="2">rero</subfield>
  </datafield>
  <datafield tag="650" ind1=" " ind2="7">
    <subfield code="0">(RERO)A009960041</subfield>
    <subfield code="a">mobilier</subfield>
    <subfield code="2">rerovoc</subfield>
  </datafield>
  <datafield tag="700" ind1="1" ind2=" ">
    <subfield code="0">(RERO)A003328515</subfield>
    <subfield code="a">Gugelot, Hans</subfield>
  </datafield>
</record>