
<record>
  <leader>00725naa a2200097 a 4500</leader>
  <controlfield tag="008">080524s1991    sz ||| |  ||||00|  |ger d</controlfield>
  <datafield tag="035" ind1=" " ind2=" ">
    <subfield code="a">R004602125</subfield>
  </datafield>
  <datafield tag="100" ind1="1" ind2=" ">
    <subfield code="0">(RERO)A002927632</subfield>
    <subfield code="a">Anderegg, Klaus</subfield>
    <subfield code="4">cre</subfield>
  </datafield>
  <datafield tag="245" ind1="1" ind2="0">
    <subfield code="a">Ursachen und Anlässe der Walliser Auswanderung im 19. Jahrhundert /</subfield>
    <subfield code="c">Klaus Anderegg</subfield>
  </datafield>
  <datafield tag="264" ind1=" " ind2="1">
    <subfield code="c">1991</subfield>
  </datafield>
  <datafield tag="773" ind1="1" ind2=" ">
    <subfield code="t">Valais d&apos;émigration : publication accompagnant l&apos;exposition Ubi bene ibi patria - Valais d&apos;émigration XVIe - XXe siècle, Musée cantonal d&apos;histoire et d&apos;ethnographie Valère 24 mai - 3 novembre 1991 = Auswanderungsland Wallis : Begleitpublikation zur Ausstellung Ubi bene ibi patria - Auswanderungsland Wallis 16. - 20. Jahrhundert, Kantonales Museum für Geschichte und Ethnographie Valère 24. Mai - 3. November 1991</subfield>
    <subfield code="g">87</subfield>
  </datafield>
</record>