
<record>
  <leader>00485nam a22001452a 4500</leader>
  <controlfield tag="008">110218s2004    xx ||| |  ||||00|  |fre d</controlfield>
  <datafield tag="020" ind1=" " ind2=" ">
    <subfield code="a">9782915309058</subfield>
  </datafield>
  <datafield tag="035" ind1=" " ind2=" ">
    <subfield code="a">R006034227</subfield>
  </datafield>
  <datafield tag="100" ind1="1" ind2=" ">
    <subfield code="0">(RERO)A018887648</subfield>
    <subfield code="a">Deporter, Vincent</subfield>
    <subfield code="4">cre</subfield>
  </datafield>
  <datafield tag="245" ind1="1" ind2="0">
    <subfield code="a">Cirques divers /</subfield>
    <subfield code="c">Vincent Deporter, Béka</subfield>
  </datafield>
  <datafield tag="264" ind1=" " ind2="1">
    <subfield code="a">Charnay :</subfield>
    <subfield code="b">Bamboo,</subfield>
    <subfield code="c">2004</subfield>
  </datafield>
  <datafield tag="300" ind1=" " ind2=" ">
    <subfield code="a">46 p. ;</subfield>
    <subfield code="c">30 cm</subfield>
  </datafield>
  <datafield tag="490" ind1="0" ind2=" ">
    <subfield code="a">Les fourmidables / Vincent Deporter, Béka</subfield>
    <subfield code="v">2</subfield>
  </datafield>
  <datafield tag="655" ind1=" " ind2="7">
    <subfield code="0">(RERO)A021001131</subfield>
    <subfield code="a">[Bandes dessinées]</subfield>
    <subfield code="2">rero</subfield>
  </datafield>
  <datafield tag="700" ind1="0" ind2=" ">
    <subfield code="0">(RERO)A024715840</subfield>
    <subfield code="a">Béka</subfield>
  </datafield>
</record>