
<record>
  <leader>00363naa a22000977a 4500</leader>
  <controlfield tag="008">980412s1967    xx ||| |  ||||00|  0ger d</controlfield>
  <datafield tag="035" ind1=" " ind2=" ">
    <subfield code="a">R003445220</subfield>
  </datafield>
  <datafield tag="100" ind1="1" ind2=" ">
    <subfield code="0">(RERO)A012379545</subfield>
    <subfield code="a">Hoffmann, Erich,</subfield>
    <subfield code="c">théologien</subfield>
    <subfield code="4">cre</subfield>
  </datafield>
  <datafield tag="245" ind1="1" ind2="0">
    <subfield code="a">Gedanken zur Weltkonferenz &apos;Kirche und Gesellschaft&apos;, Genf 1966 /</subfield>
    <subfield code="c">Erich Hoffmann</subfield>
  </datafield>
  <datafield tag="264" ind1=" " ind2="1">
    <subfield code="c">1967</subfield>
  </datafield>
  <datafield tag="773" ind1="1" ind2=" ">
    <subfield code="t">Ökumenische Rundschau</subfield>
    <subfield code="g">v. 16 (1967) no. 1, p. 65-72</subfield>
  </datafield>
</record>