
<record>
  <leader>00404naa a22000977a 4500</leader>
  <controlfield tag="008">980412s1994    xx ||| |  ||||00|  0eng d</controlfield>
  <datafield tag="035" ind1=" " ind2=" ">
    <subfield code="a">R003472624</subfield>
  </datafield>
  <datafield tag="100" ind1="1" ind2=" ">
    <subfield code="0">(RERO)A011564118</subfield>
    <subfield code="a">Watson, J. Francis</subfield>
    <subfield code="4">cre</subfield>
  </datafield>
  <datafield tag="245" ind1="1" ind2="0">
    <subfield code="a">Martin Chemnitz and the Eastern Church :</subfield>
    <subfield code="b">A christology of the Catholic consensus of the Fathers /</subfield>
    <subfield code="c">J. Francis Watson</subfield>
  </datafield>
  <datafield tag="264" ind1=" " ind2="1">
    <subfield code="c">1994</subfield>
  </datafield>
  <datafield tag="773" ind1="1" ind2=" ">
    <subfield code="t">St. Vladimir&apos;s theological quarterly</subfield>
    <subfield code="g">vol. 38, no. 1, 1994, p. 73-86</subfield>
  </datafield>
</record>