
<record>
  <leader>00406naa a2200109 a 4500</leader>
  <controlfield tag="008">971022s1975    sz ||| |  ||||00|  |fre d</controlfield>
  <datafield tag="035" ind1=" " ind2=" ">
    <subfield code="a">bv00210393</subfield>
  </datafield>
  <datafield tag="100" ind1="1" ind2=" ">
    <subfield code="0">(RERO)A003422899</subfield>
    <subfield code="a">Jeannet, Maurice</subfield>
    <subfield code="4">cre</subfield>
  </datafield>
  <datafield tag="245" ind1="1" ind2="0">
    <subfield code="a">Enseigner la psychologie sociale /</subfield>
    <subfield code="c">Maurice Jeannet</subfield>
  </datafield>
  <datafield tag="264" ind1=" " ind2="1">
    <subfield code="a">Berne ;</subfield>
    <subfield code="a">Stuttgart :</subfield>
    <subfield code="b">Huber,</subfield>
    <subfield code="c">1975</subfield>
  </datafield>
  <datafield tag="300" ind1=" " ind2=" ">
    <subfield code="a">P. 297-311.</subfield>
  </datafield>
  <datafield tag="773" ind1="1" ind2=" ">
    <subfield code="t">Schweizerische Zeitschrift für Psychologie und ihre Anwendungen</subfield>
    <subfield code="g">34, 1975, no 4</subfield>
  </datafield>
</record>