
<record>
  <leader>00655nam a22001332a 4500</leader>
  <controlfield tag="008">110218s2001    xx ||| |  ||||00|  |fre d</controlfield>
  <datafield tag="020" ind1=" " ind2=" ">
    <subfield code="a">9782740412541</subfield>
  </datafield>
  <datafield tag="035" ind1=" " ind2=" ">
    <subfield code="a">R006034129</subfield>
  </datafield>
  <datafield tag="100" ind1="1" ind2=" ">
    <subfield code="0">(RERO)A006314335</subfield>
    <subfield code="a">Simard, Eric</subfield>
    <subfield code="4">cre</subfield>
  </datafield>
  <datafield tag="245" ind1="1" ind2="4">
    <subfield code="a">Les chimères de la mort /</subfield>
    <subfield code="c">Eric Simard</subfield>
  </datafield>
  <datafield tag="264" ind1=" " ind2="1">
    <subfield code="a">[Lieu de publication non identifié] :</subfield>
    <subfield code="b">Mango,</subfield>
    <subfield code="c">2001</subfield>
  </datafield>
  <datafield tag="300" ind1=" " ind2=" ">
    <subfield code="a">178 p. ;</subfield>
    <subfield code="c">21 cm</subfield>
  </datafield>
  <datafield tag="490" ind1="0" ind2=" ">
    <subfield code="a">Autres mondes</subfield>
    <subfield code="v">8</subfield>
  </datafield>
  <datafield tag="520" ind1="8" ind2=" ">
    <subfield code="a">De retour d&apos;une mission sur la lune, Sorg découvre avec stupéfaction que Bran, son frère maudit qu&apos;il ne voit plus depuis des années est mort. Ce dernier lui a légué une chimère, créature mi-tigre, mi-gorille qui a d&apos;étranges pouvoirs.</subfield>
    <subfield code="9">vdnyon/11.2015</subfield>
  </datafield>
</record>