
<record>
  <leader>00339naa a22000977a 4500</leader>
  <controlfield tag="008">980412s1967    xx ||| |  ||||00|  0eng d</controlfield>
  <datafield tag="035" ind1=" " ind2=" ">
    <subfield code="a">R003440723</subfield>
  </datafield>
  <datafield tag="100" ind1="1" ind2=" ">
    <subfield code="0">(RERO)A002978001</subfield>
    <subfield code="a">Baum, Gregory</subfield>
    <subfield code="4">cre</subfield>
  </datafield>
  <datafield tag="245" ind1="1" ind2="0">
    <subfield code="a">Reflection on councils of churches /</subfield>
    <subfield code="c">Gregory Baum</subfield>
  </datafield>
  <datafield tag="264" ind1=" " ind2="1">
    <subfield code="c">1967</subfield>
  </datafield>
  <datafield tag="773" ind1="1" ind2=" ">
    <subfield code="t">One in Christ : a catholic ecumenical review</subfield>
    <subfield code="g">v. 3 (1967) no. 2, p. 159-164</subfield>
  </datafield>
</record>