
<record>
  <leader>00582nam a2200157 a 4500</leader>
  <controlfield tag="008">000922s1997    gw |||||| ||||00|  |ger d</controlfield>
  <datafield tag="020" ind1=" " ind2=" ">
    <subfield code="a">9783406374111</subfield>
  </datafield>
  <datafield tag="035" ind1=" " ind2=" ">
    <subfield code="a">R271362460</subfield>
  </datafield>
  <datafield tag="100" ind1="1" ind2=" ">
    <subfield code="0">(RERO)A003064682</subfield>
    <subfield code="a">Böttiger, Helmut</subfield>
    <subfield code="4">cre</subfield>
  </datafield>
  <datafield tag="245" ind1="1" ind2="0">
    <subfield code="a">Kein Mann, kein Schuss, kein Tor :</subfield>
    <subfield code="b">das Drama des deutschen Fussballs /</subfield>
    <subfield code="c">Helmut Böttiger</subfield>
  </datafield>
  <datafield tag="264" ind1=" " ind2="1">
    <subfield code="a">München :</subfield>
    <subfield code="b">C.H. Beck,</subfield>
    <subfield code="c">1997</subfield>
  </datafield>
  <datafield tag="300" ind1=" " ind2=" ">
    <subfield code="a">215 S. :</subfield>
    <subfield code="b">Ill. ;</subfield>
    <subfield code="c">18 cm</subfield>
  </datafield>
  <datafield tag="490" ind1="1" ind2=" ">
    <subfield code="a">Beck&apos;sche Reihe</subfield>
    <subfield code="v">1021</subfield>
  </datafield>
  <datafield tag="650" ind1=" " ind2="7">
    <subfield code="0">(RERO)A021001421</subfield>
    <subfield code="a">Football</subfield>
    <subfield code="2">rero</subfield>
  </datafield>
  <datafield tag="650" ind1=" " ind2="7">
    <subfield code="0">(RERO)A021031217</subfield>
    <subfield code="a">Identité collective</subfield>
    <subfield code="2">rero</subfield>
  </datafield>
  <datafield tag="651" ind1=" " ind2="7">
    <subfield code="0">(RERO)A009955860</subfield>
    <subfield code="a">Allemagne</subfield>
    <subfield code="2">rero</subfield>
  </datafield>
</record>