
<record>
  <leader>00650nam a2200157 a 4500</leader>
  <controlfield tag="008">000915s1998    at ||| |  ||||00|  |eng d</controlfield>
  <datafield tag="020" ind1=" " ind2=" ">
    <subfield code="a">9780949324788</subfield>
  </datafield>
  <datafield tag="035" ind1=" " ind2=" ">
    <subfield code="a">R267652960</subfield>
  </datafield>
  <datafield tag="100" ind1="1" ind2=" ">
    <subfield code="0">(RERO)A003058658</subfield>
    <subfield code="a">Burgman, Mark A</subfield>
    <subfield code="4">cre</subfield>
  </datafield>
  <datafield tag="245" ind1="1" ind2="0">
    <subfield code="a">Conservation biology for the Australian environment /</subfield>
    <subfield code="c">by Mark A. Burgman and David B. Lindenmayer ; with the ed. assistance of Claire Drill</subfield>
  </datafield>
  <datafield tag="264" ind1=" " ind2="1">
    <subfield code="a">Chipping Norton :</subfield>
    <subfield code="b">Surrey Beatty,</subfield>
    <subfield code="c">1998</subfield>
  </datafield>
  <datafield tag="300" ind1=" " ind2=" ">
    <subfield code="a">X, 380 p. :</subfield>
    <subfield code="b">ill. ;</subfield>
    <subfield code="c">30 cm</subfield>
  </datafield>
  <datafield tag="650" ind1=" " ind2="7">
    <subfield code="0">(RERO)A021003039</subfield>
    <subfield code="a">Nature</subfield>
    <subfield code="2">rero</subfield>
  </datafield>
  <datafield tag="650" ind1=" " ind2="7">
    <subfield code="0">(RERO)A021017050</subfield>
    <subfield code="a">Protection</subfield>
    <subfield code="2">rero</subfield>
  </datafield>
  <datafield tag="651" ind1=" " ind2="7">
    <subfield code="0">(RERO)A009963814</subfield>
    <subfield code="a">Australie</subfield>
    <subfield code="2">rero</subfield>
  </datafield>
  <datafield tag="700" ind1="1" ind2=" ">
    <subfield code="0">(RERO)A005957366</subfield>
    <subfield code="a">Lindenmayer, David B</subfield>
  </datafield>
</record>