
<record>
  <leader>00779nam a22001452a 4500</leader>
  <controlfield tag="008">110218s1996    xx ||| |  ||||00|  |fre d</controlfield>
  <datafield tag="020" ind1=" " ind2=" ">
    <subfield code="a">9782912084002</subfield>
  </datafield>
  <datafield tag="035" ind1=" " ind2=" ">
    <subfield code="a">R006030329</subfield>
  </datafield>
  <datafield tag="100" ind1="1" ind2=" ">
    <subfield code="0">(RERO)A003823083</subfield>
    <subfield code="a">Serres, Alain</subfield>
    <subfield code="4">cre</subfield>
  </datafield>
  <datafield tag="245" ind1="1" ind2="3">
    <subfield code="a">Le grand livre des droits de l&apos;enfant :</subfield>
    <subfield code="b">avec le texte intégral de la convention adoptée par l&apos;ONU /</subfield>
    <subfield code="c">Alain Serres</subfield>
  </datafield>
  <datafield tag="264" ind1=" " ind2="1">
    <subfield code="a">[Lieu de publication non identifié] :</subfield>
    <subfield code="b">Rue du monde,</subfield>
    <subfield code="c">1996</subfield>
  </datafield>
  <datafield tag="300" ind1=" " ind2=" ">
    <subfield code="a">92 p. :</subfield>
    <subfield code="b">ill. ;</subfield>
    <subfield code="c">30 cm</subfield>
  </datafield>
  <datafield tag="490" ind1="0" ind2=" ">
    <subfield code="a">Le Grand livre Rue du monde</subfield>
  </datafield>
  <datafield tag="500" ind1=" " ind2=" ">
    <subfield code="a">Contient le texte de la Convention des Droits de l&apos;enfant</subfield>
  </datafield>
  <datafield tag="520" ind1="8" ind2=" ">
    <subfield code="a">Des millions d&apos;enfants subissent aujourd&apos;hui la faim, le malheur, l&apos;ignorance ou l&apos;indifférence. D&apos;autres sont plus gâtés par la vie mais aspirent à être davantage écoutés, respectés.</subfield>
    <subfield code="9">vdesep/06.2015</subfield>
  </datafield>
</record>