
<record>
  <leader>00481naa a22001337a 4500</leader>
  <controlfield tag="008">110608s2011    fr |||||| ||||00|| |fre d</controlfield>
  <datafield tag="035" ind1=" " ind2=" ">
    <subfield code="a">R006070025</subfield>
  </datafield>
  <datafield tag="245" ind1="0" ind2="0">
    <subfield code="a">Spécial &quot;psy&quot; :</subfield>
    <subfield code="b">quand l&apos;esprit dérape</subfield>
  </datafield>
  <datafield tag="264" ind1=" " ind2="1">
    <subfield code="a">Paris :</subfield>
    <subfield code="b">Excelsior Publications,</subfield>
    <subfield code="c">2011</subfield>
  </datafield>
  <datafield tag="300" ind1=" " ind2=" ">
    <subfield code="a">150 p. :</subfield>
    <subfield code="b">ill.</subfield>
  </datafield>
  <datafield tag="490" ind1="1" ind2=" ">
    <subfield code="a">Science &amp; vie. Hors-série</subfield>
    <subfield code="v">no 255, juin 2011</subfield>
  </datafield>
  <datafield tag="650" ind1=" " ind2="7">
    <subfield code="0">(RERO)A021005950</subfield>
    <subfield code="a">Psychiatrie</subfield>
    <subfield code="2">rero</subfield>
  </datafield>
  <datafield tag="650" ind1=" " ind2="7">
    <subfield code="0">(RERO)A009955770</subfield>
    <subfield code="a">maladie mentale</subfield>
    <subfield code="2">rerovoc</subfield>
  </datafield>
  <datafield tag="655" ind1=" " ind2="7">
    <subfield code="0">(RERO)A022249905</subfield>
    <subfield code="a">[Études diverses]</subfield>
    <subfield code="2">rero</subfield>
  </datafield>
</record>