
<record>
  <leader>00458nam a2200133 a 4500</leader>
  <controlfield tag="008">000913s1999    xxu||| |  ||||00|  |eng d</controlfield>
  <datafield tag="020" ind1=" " ind2=" ">
    <subfield code="a">9780691004709</subfield>
  </datafield>
  <datafield tag="020" ind1=" " ind2=" ">
    <subfield code="a">9780691004716</subfield>
  </datafield>
  <datafield tag="035" ind1=" " ind2=" ">
    <subfield code="a">R267052560</subfield>
  </datafield>
  <datafield tag="100" ind1="1" ind2=" ">
    <subfield code="0">(RERO)A003978760</subfield>
    <subfield code="a">Wilson, Margaret Dauler</subfield>
    <subfield code="4">cre</subfield>
  </datafield>
  <datafield tag="245" ind1="1" ind2="0">
    <subfield code="a">Ideas and mechanism :</subfield>
    <subfield code="b">essays on early modern philosophy /</subfield>
    <subfield code="c">Margaret Dauler Wilson</subfield>
  </datafield>
  <datafield tag="264" ind1=" " ind2="1">
    <subfield code="a">Princeton N.J. :</subfield>
    <subfield code="b">Princeton University Press,</subfield>
    <subfield code="c">[1999]</subfield>
  </datafield>
  <datafield tag="264" ind1=" " ind2="4">
    <subfield code="c">© 1999</subfield>
  </datafield>
  <datafield tag="300" ind1=" " ind2=" ">
    <subfield code="a">XX, 524 p. ;</subfield>
    <subfield code="c">24 cm</subfield>
  </datafield>
</record>