
<record>
  <leader>00342njm a2200097 a 4500</leader>
  <controlfield tag="008">110711s2004    xx ||| |  ||||0||  |eng d</controlfield>
  <datafield tag="035" ind1=" " ind2=" ">
    <subfield code="a">R006098225</subfield>
  </datafield>
  <datafield tag="245" ind1="0" ind2="2">
    <subfield code="a">A ghost is born</subfield>
    <subfield code="h">[Enregistrement sonore] /</subfield>
    <subfield code="c">Wilco</subfield>
  </datafield>
  <datafield tag="264" ind1=" " ind2="1">
    <subfield code="a">[Lieu de publication non identifié] :</subfield>
    <subfield code="b">Nonesuch,</subfield>
    <subfield code="c">P 2004</subfield>
  </datafield>
  <datafield tag="300" ind1=" " ind2=" ">
    <subfield code="a">2 disques compacts ;</subfield>
    <subfield code="c">12 cm +</subfield>
    <subfield code="e">1 livret</subfield>
  </datafield>
  <datafield tag="710" ind1="2" ind2=" ">
    <subfield code="0">(RERO)A005602291</subfield>
    <subfield code="a">Wilco</subfield>
  </datafield>
</record>