
<record>
  <leader>00584nam a22001332a 4500</leader>
  <controlfield tag="008">110218s2002    fr ||| |  ||||00|  |fre d</controlfield>
  <datafield tag="020" ind1=" " ind2=" ">
    <subfield code="a">9782845630260</subfield>
  </datafield>
  <datafield tag="035" ind1=" " ind2=" ">
    <subfield code="a">R006032628</subfield>
  </datafield>
  <datafield tag="100" ind1="1" ind2=" ">
    <subfield code="0">(RERO)A003416729</subfield>
    <subfield code="a">Jacq, Christian,</subfield>
    <subfield code="d">1947-</subfield>
    <subfield code="4">cre</subfield>
  </datafield>
  <datafield tag="245" ind1="1" ind2="2">
    <subfield code="a">L&apos;épée flamboyante :</subfield>
    <subfield code="b">roman /</subfield>
    <subfield code="c">Christian Jacq</subfield>
  </datafield>
  <datafield tag="264" ind1=" " ind2="1">
    <subfield code="a">Paris :</subfield>
    <subfield code="b">XO,</subfield>
    <subfield code="c">2002</subfield>
  </datafield>
  <datafield tag="300" ind1=" " ind2=" ">
    <subfield code="a">332 p. ;</subfield>
    <subfield code="c">24 cm</subfield>
  </datafield>
  <datafield tag="490" ind1="0" ind2=" ">
    <subfield code="a">La reine liberté / Christian Jacq</subfield>
    <subfield code="v">3</subfield>
  </datafield>
  <datafield tag="520" ind1="8" ind2=" ">
    <subfield code="a">La reine Ahotep a reconquis une grande partie du sud, au prix de la vie de ceux qu&apos;elle aime. Après cent ans d&apos;occupation, l&apos;empire va enfin renaître de ses cendres.</subfield>
    <subfield code="9">vschab/07.2015</subfield>
  </datafield>
</record>