
<record>
  <leader>00316naa a22000977a 4500</leader>
  <controlfield tag="008">980412s1984    xx ||| |  ||||00|  0spa d</controlfield>
  <datafield tag="035" ind1=" " ind2=" ">
    <subfield code="a">R003448321</subfield>
  </datafield>
  <datafield tag="100" ind1="1" ind2=" ">
    <subfield code="0">(RERO)A011517473</subfield>
    <subfield code="a">Lyons, Cathie</subfield>
    <subfield code="4">cre</subfield>
  </datafield>
  <datafield tag="245" ind1="1" ind2="3">
    <subfield code="a">La salud de la mujer es algo mas que una cuestion medica /</subfield>
    <subfield code="c">Cathie Lyons</subfield>
  </datafield>
  <datafield tag="264" ind1=" " ind2="1">
    <subfield code="c">1984</subfield>
  </datafield>
  <datafield tag="773" ind1="1" ind2=" ">
    <subfield code="t">Contact</subfield>
    <subfield code="g">no. 65, 1984, p. 6-15</subfield>
  </datafield>
</record>