
<record>
  <leader>00447nam a22001332a 4500</leader>
  <controlfield tag="008">110218s2005    fr ||| |  ||||00|  |fre d</controlfield>
  <datafield tag="020" ind1=" " ind2=" ">
    <subfield code="a">9782070571895</subfield>
  </datafield>
  <datafield tag="035" ind1=" " ind2=" ">
    <subfield code="a">R006035529</subfield>
  </datafield>
  <datafield tag="100" ind1="1" ind2=" ">
    <subfield code="0">(RERO)A005644123</subfield>
    <subfield code="a">Morpurgo, Michael</subfield>
    <subfield code="4">cre</subfield>
  </datafield>
  <datafield tag="245" ind1="1" ind2="3">
    <subfield code="a">La trêve de Noël /</subfield>
    <subfield code="c">Michael Morpurgo, Michael Foreman</subfield>
  </datafield>
  <datafield tag="264" ind1=" " ind2="1">
    <subfield code="a">Paris :</subfield>
    <subfield code="b">Gallimard,</subfield>
    <subfield code="c">2005</subfield>
  </datafield>
  <datafield tag="300" ind1=" " ind2=" ">
    <subfield code="a">36 p. :</subfield>
    <subfield code="b">ill. ;</subfield>
    <subfield code="c">16 cm</subfield>
  </datafield>
  <datafield tag="520" ind1="8" ind2=" ">
    <subfield code="a">Fictions jeunesse</subfield>
    <subfield code="9">frvhep/09.2011</subfield>
  </datafield>
  <datafield tag="700" ind1="1" ind2=" ">
    <subfield code="0">(RERO)A003252972</subfield>
    <subfield code="a">Foreman, Michael</subfield>
  </datafield>
</record>