
<record>
  <leader>01433naa a2200277 a 4500</leader>
  <controlfield tag="008">970728 2002    it ||| |  ||||00|  |ita d</controlfield>
  <datafield tag="035" ind1=" " ind2=" ">
    <subfield code="a">bv000837033</subfield>
  </datafield>
  <datafield tag="100" ind1="1" ind2=" ">
    <subfield code="0">(RERO)A017202058</subfield>
    <subfield code="a">Foglia, Laura</subfield>
    <subfield code="4">cre</subfield>
  </datafield>
  <datafield tag="245" ind1="1" ind2="0">
    <subfield code="a">Previdenza sociale dei lavoratori migranti e totalizzazione dei periodi contributivi /</subfield>
    <subfield code="c">Laura Foglia</subfield>
  </datafield>
  <datafield tag="264" ind1=" " ind2="1">
    <subfield code="a">Torino :</subfield>
    <subfield code="b">Giappichelli,</subfield>
    <subfield code="c">2002</subfield>
  </datafield>
  <datafield tag="300" ind1=" " ind2=" ">
    <subfield code="a">P. 223-234 ;</subfield>
    <subfield code="c">21 cm</subfield>
  </datafield>
  <datafield tag="650" ind1=" " ind2="7">
    <subfield code="0">jurivoc000020493ger</subfield>
    <subfield code="a">soziale Sicherheit</subfield>
    <subfield code="2">jurivoc</subfield>
    <subfield code="9">ger</subfield>
  </datafield>
  <datafield tag="650" ind1=" " ind2="7">
    <subfield code="0">jurivoc000020527ger</subfield>
    <subfield code="a">Sozialversicherung</subfield>
    <subfield code="2">jurivoc</subfield>
    <subfield code="9">ger</subfield>
  </datafield>
  <datafield tag="650" ind1=" " ind2="7">
    <subfield code="0">jurivoc000008812ger</subfield>
    <subfield code="a">Freizügigkeitsgarantie</subfield>
    <subfield code="2">jurivoc</subfield>
    <subfield code="9">ger</subfield>
  </datafield>
  <datafield tag="650" ind1=" " ind2="7">
    <subfield code="0">jurivoc000018357ger</subfield>
    <subfield code="a">rechtsgleiche Behandlung</subfield>
    <subfield code="2">jurivoc</subfield>
    <subfield code="9">ger</subfield>
  </datafield>
  <datafield tag="650" ind1=" " ind2="7">
    <subfield code="0">jurivoc000000904ger</subfield>
    <subfield code="a">Altersrente</subfield>
    <subfield code="2">jurivoc</subfield>
    <subfield code="9">ger</subfield>
  </datafield>
  <datafield tag="650" ind1=" " ind2="7">
    <subfield code="0">jurivoc000003109ger</subfield>
    <subfield code="a">Beitragsdauer</subfield>
    <subfield code="2">jurivoc</subfield>
    <subfield code="9">ger</subfield>
  </datafield>
  <datafield tag="650" ind1=" " ind2="7">
    <subfield code="0">jurivoc000003232ger</subfield>
    <subfield code="a">Berechnung</subfield>
    <subfield code="2">jurivoc</subfield>
    <subfield code="9">ger</subfield>
  </datafield>
  <datafield tag="650" ind1=" " ind2="7">
    <subfield code="0">jurivoc000002263ger</subfield>
    <subfield code="a">ausländische Beitragszeit</subfield>
    <subfield code="2">jurivoc</subfield>
    <subfield code="9">ger</subfield>
  </datafield>
  <datafield tag="650" ind1=" " ind2="7">
    <subfield code="0">jurivoc000001307ger</subfield>
    <subfield code="a">Anrechnung</subfield>
    <subfield code="2">jurivoc</subfield>
    <subfield code="9">ger</subfield>
  </datafield>
  <datafield tag="650" ind1=" " ind2="7">
    <subfield code="0">jurivoc000009624ger</subfield>
    <subfield code="a">Gerichts- und Verwaltungspraxis</subfield>
    <subfield code="2">jurivoc</subfield>
    <subfield code="9">ger</subfield>
  </datafield>
  <datafield tag="650" ind1=" " ind2="7">
    <subfield code="0">jurivoc000018932ger</subfield>
    <subfield code="a">richterliche Behörde</subfield>
    <subfield code="2">jurivoc</subfield>
    <subfield code="9">ger</subfield>
  </datafield>
  <datafield tag="650" ind1=" " ind2="7">
    <subfield code="0">jurivoc000009642ger</subfield>
    <subfield code="a">Gerichtshof der Europäischen Union</subfield>
    <subfield code="2">jurivoc</subfield>
    <subfield code="9">ger</subfield>
  </datafield>
  <datafield tag="650" ind1=" " ind2="7">
    <subfield code="0">jurivoc000009467ger</subfield>
    <subfield code="a">Gemeinschaftsrecht</subfield>
    <subfield code="2">jurivoc</subfield>
    <subfield code="9">ger</subfield>
  </datafield>
  <datafield tag="655" ind1=" " ind2="7">
    <subfield code="0">jurivoc000013037ger</subfield>
    <subfield code="a">Kommentar(Bemerkung)</subfield>
    <subfield code="2">jurivoc</subfield>
    <subfield code="9">ger</subfield>
  </datafield>
  <datafield tag="773" ind1="1" ind2=" ">
    <subfield code="t">Rivista del diritto della sicurezza sociale</subfield>
    <subfield code="g">2002/1</subfield>
  </datafield>
</record>