
<record>
  <leader>00714nam a2200157 a 4500</leader>
  <controlfield tag="008">890117s1988    it |||||| ||||00|| |ita d</controlfield>
  <datafield tag="020" ind1=" " ind2=" ">
    <subfield code="a">9788814015502</subfield>
  </datafield>
  <datafield tag="035" ind1=" " ind2=" ">
    <subfield code="a">1065793</subfield>
  </datafield>
  <datafield tag="100" ind1="1" ind2=" ">
    <subfield code="0">(RERO)A003563858</subfield>
    <subfield code="a">Marotta, Valerio,</subfield>
    <subfield code="d">1957-</subfield>
    <subfield code="4">cre</subfield>
  </datafield>
  <datafield tag="245" ind1="1" ind2="0">
    <subfield code="a">&quot;Multa de iure sanxit&quot; :</subfield>
    <subfield code="b">aspetti della politica del diritto di Antonino Pio /</subfield>
    <subfield code="c">Valerio Marotta</subfield>
  </datafield>
  <datafield tag="264" ind1=" " ind2="1">
    <subfield code="a">Milano :</subfield>
    <subfield code="b">A. Giuffrè,</subfield>
    <subfield code="c">1988</subfield>
  </datafield>
  <datafield tag="300" ind1=" " ind2=" ">
    <subfield code="a">XI, 409 p. :</subfield>
    <subfield code="b">tabl. ;</subfield>
    <subfield code="c">26 cm</subfield>
  </datafield>
  <datafield tag="490" ind1="1" ind2=" ">
    <subfield code="a">Pubblicazioni della Facoltà di giurisprudenza, Università di Firenze</subfield>
    <subfield code="v">64</subfield>
  </datafield>
  <datafield tag="600" ind1="0" ind2="7">
    <subfield code="0">(RERO)A010043687</subfield>
    <subfield code="a">Antonin</subfield>
    <subfield code="c">(le Pieux ;</subfield>
    <subfield code="c">empereur romain)</subfield>
    <subfield code="2">rero</subfield>
  </datafield>
  <datafield tag="650" ind1=" " ind2="7">
    <subfield code="0">(RERO)A021001741</subfield>
    <subfield code="a">Droit romain</subfield>
    <subfield code="2">rero</subfield>
  </datafield>
  <datafield tag="650" ind1=" " ind2="7">
    <subfield code="0">(RERO)A023803535</subfield>
    <subfield code="a">Epoque impériale romaine (Rome ; 30 av. J.-C.-476)</subfield>
    <subfield code="2">rero</subfield>
  </datafield>
</record>